<?xml version="1.0" encoding="UTF-8"?>
<!DOCTYPE html PUBLIC "-//W3C//DTD XHTML 1.0 Transitional//EN"
    "http://www.w3.org/TR/xhtml1/DTD/xhtml1-transitional.dtd">
<html xmlns="http://www.w3.org/1999/xhtml" xml:lang="en" lang="en">
 <head>
  <title>
</title>
<meta http-equiv="Content-Type" content="text/html;charset=utf-8" />
  <meta name='ocr-system' content='tesseract 3.04.00' />
  <meta name='ocr-capabilities' content='ocr_page ocr_carea ocr_par ocr_line ocrx_word'/>
</head>
<body>
  <div class='ocr_page' id='page_1' title='image "./detheiiherodote00boetgoog_0009.png"; bbox 0 0 4100 5292; ppageno 0'>
   <div class='ocr_carea' id='block_1_1' title="bbox 9 621 1871 4298">
    <p class='ocr_par' dir='ltr' id='par_1_1' title="bbox 9 621 1871 4298">
     <span class='ocr_line' id='line_1_1' title="bbox 15 621 1814 740; baseline -0.004 -20"><span class='ocrx_word' id='word_1_1' title='bbox 15 629 19 652; x_wconf 66' lang='lat'><strong>¹</strong></span> <span class='ocrx_word' id='word_1_2' title='bbox 117 673 282 740; x_wconf 86' lang='lat' dir='ltr'><strong>uunquam</strong></span> <span class='ocrx_word' id='word_1_3' title='bbox 303 647 373 716; x_wconf 82' lang='lat' dir='ltr'><strong>aina</strong></span> <span class='ocrx_word' id='word_1_4' title='bbox 394 667 458 737; x_wconf 88' lang='lat' dir='ltr'><strong>ope</strong></span> <span class='ocrx_word' id='word_1_5' title='bbox 478 644 588 714; x_wconf 75' lang='lat' dir='ltr'><strong>diviua</strong></span> <span class='ocrx_word' id='word_1_6' title='bbox 609 643 764 732; x_wconf 70' lang='lat' dir='ltr'><strong>trousiuas¹</strong></span> <span class='ocrx_word' id='word_1_7' title='bbox 778 641 819 710; x_wconf 87' lang='lat' dir='ltr'><strong>ad</strong></span> <span class='ocrx_word' id='word_1_8' title='bbox 840 643 942 728; x_wconf 71' lang='lat' dir='ltr'><strong>uitam</strong></span> <span class='ocrx_word' id='word_1_9' title='bbox 968 643 1229 727; x_wconf 60' lang='lat' dir='ltr'><strong>reressvitalem,</strong></span> <span class='ocrx_word' id='word_1_10' title='bbox 1251 644 1293 710; x_wconf 84' lang='lat' dir='ltr'><strong>ad</strong></span> <span class='ocrx_word' id='word_1_11' title='bbox 1323 647 1600 716; x_wconf 58' lang='lat' dir='ltr'><strong>israelitarum</strong></span> <span class='ocrx_word' id='word_1_12' title='bbox 1627 668 1733 729; x_wconf 82' lang='lat' dir='ltr'><strong>usum,</strong></span> <span class='ocrx_word' id='word_1_13' title='bbox 1773 690 1780 704; x_wconf 82' lang='lat'><strong>,</strong></span> <span class='ocrx_word' id='word_1_14' title='bbox 1805 621 1814 636; x_wconf 52' lang='grc'><em>’</em></span> 
     </span>
     <span class='ocr_line' id='line_1_2' title="bbox 118 749 1732 855; baseline -0.002 -25"><span class='ocrx_word' id='word_1_15' title='bbox 118 770 157 834; x_wconf 84' lang='lat' dir='ltr'><strong>sd</strong></span> <span class='ocrx_word' id='word_1_16' title='bbox 178 769 308 855; x_wconf 82' lang='lat' dir='ltr'><strong>pienum</strong></span> <span class='ocrx_word' id='word_1_17' title='bbox 329 749 384 830; x_wconf 82' lang='lat' dir='ltr'><strong>dsi</strong></span> <span class='ocrx_word' id='word_1_18' title='bbox 405 763 618 845; x_wconf 80' lang='lat' dir='ltr'><strong>ooguitiuoem</strong></span> <span class='ocrx_word' id='word_1_19' title='bbox 639 761 869 848; x_wconf 73' lang='lat' dir='ltr'><strong>pervenissent.</strong></span> <span class='ocrx_word' id='word_1_20' title='bbox 913 757 1038 846; x_wconf 80' lang='lat' dir='ltr'><strong>Ubique</strong></span> <span class='ocrx_word' id='word_1_21' title='bbox 1058 761 1169 832; x_wconf 75' lang='lat' dir='ltr'><strong>euim,</strong></span> <span class='ocrx_word' id='word_1_22' title='bbox 1196 781 1271 824; x_wconf 76' lang='lat' dir='ltr'><strong>urm</strong></span> <span class='ocrx_word' id='word_1_23' title='bbox 1291 782 1333 826; x_wconf 90' lang='lat' dir='ltr'><strong>na</strong></span> <span class='ocrx_word' id='word_1_24' title='bbox 1353 763 1467 848; x_wconf 85' lang='lat' dir='ltr'><strong>optimi</strong></span> <span class='ocrx_word' id='word_1_25' title='bbox 1487 763 1621 849; x_wconf 81' lang='lat' dir='ltr'><strong>qnidam</strong></span> <span class='ocrx_word' id='word_1_26' title='bbox 1639 763 1732 828; x_wconf 78' lang='lat' dir='ltr'><strong>libari</strong></span> 
     </span>
     <span class='ocr_line' id='line_1_3' title="bbox 116 873 1732 968; baseline -0.004 -20"><span class='ocrx_word' id='word_1_27' title='bbox 116 894 223 948; x_wconf 78' lang='lat' dir='ltr'><strong>essem</strong></span> <span class='ocrx_word' id='word_1_28' title='bbox 243 902 262 945; x_wconf 93' lang='lat' dir='ltr'><strong>a</strong></span> <span class='ocrx_word' id='word_1_29' title='bbox 283 880 403 968; x_wconf 79' lang='lat' dir='ltr'><strong>peceati</strong></span> <span class='ocrx_word' id='word_1_30' title='bbox 423 881 528 966; x_wconf 79' lang='lat' dir='ltr'><strong>culpa,</strong></span> <span class='ocrx_word' id='word_1_31' title='bbox 546 875 816 942; x_wconf 79' lang='lat' dir='ltr'><strong>error-admixtus</strong></span> <span class='ocrx_word' id='word_1_32' title='bbox 838 895 933 956; x_wconf 83' lang='lat' dir='ltr'><strong>vero,</strong></span> <span class='ocrx_word' id='word_1_33' title='bbox 963 873 1075 942; x_wconf 85' lang='lat' dir='ltr'><strong>odium</strong></span> <span class='ocrx_word' id='word_1_34' title='bbox 1105 875 1268 940; x_wconf 81' lang='lat' dir='ltr'><strong>adnexum</strong></span> <span class='ocrx_word' id='word_1_35' title='bbox 1296 879 1453 941; x_wconf 74' lang='lat' dir='ltr'><strong>fraternae</strong></span> <span class='ocrx_word' id='word_1_36' title='bbox 1482 877 1630 943; x_wconf 79' lang='lat' dir='ltr'><strong>omnium</strong></span> <span class='ocrx_word' id='word_1_37' title='bbox 1650 875 1732 942; x_wconf 85' lang='lat' dir='ltr'><strong>cari·</strong></span> 
     </span>
     <span class='ocr_line' id='line_1_4' title="bbox 115 981 1731 1080; baseline -0.003 -19"><span class='ocrx_word' id='word_1_38' title='bbox 115 999 182 1076; x_wconf 86' lang='lat' dir='ltr'><strong>tati,</strong></span> <span class='ocrx_word' id='word_1_39' title='bbox 206 993 384 1061; x_wconf 82' lang='lat' dir='ltr'><strong>eommunia</strong></span> <span class='ocrx_word' id='word_1_40' title='bbox 404 981 517 1060; x_wconf 79' lang='lat' dir='ltr'><strong>salutis</strong></span> <span class='ocrx_word' id='word_1_41' title='bbox 539 989 682 1060; x_wconf 84' lang='lat' dir='ltr'><strong>studium</strong></span> <span class='ocrx_word' id='word_1_42' title='bbox 702 990 823 1078; x_wconf 85' lang='lat' dir='ltr'><strong>proprii</strong></span> <span class='ocrx_word' id='word_1_43' title='bbox 848 988 1018 1056; x_wconf 78' lang='lat' dir='ltr'><strong>commodi</strong></span> <span class='ocrx_word' id='word_1_44' title='bbox 1038 987 1211 1076; x_wconf 85' lang='lat' dir='ltr'><strong>cupiditate</strong></span> <span class='ocrx_word' id='word_1_45' title='bbox 1237 982 1395 1076; x_wconf 76' lang='lat' dir='ltr'><strong>poliutum</strong></span> <span class='ocrx_word' id='word_1_46' title='bbox 1424 993 1585 1080; x_wconf 86' lang='lat' dir='ltr'><strong>prohibuit</strong></span> <span class='ocrx_word' id='word_1_47' title='bbox 1604 1012 1647 1056; x_wconf 88' lang='lat' dir='ltr'><strong>ue</strong></span> <span class='ocrx_word' id='word_1_48' title='bbox 1667 993 1731 1080; x_wconf 83' lang='lat' dir='ltr'><strong>ipsi</strong></span> 
     </span>
     <span class='ocr_line' id='line_1_5' title="bbox 115 1101 1730 1194; baseline -0.002 -18"><span class='ocrx_word' id='word_1_49' title='bbox 115 1113 183 1180; x_wconf 84' lang='lat' dir='ltr'><strong>suis</strong></span> <span class='ocrx_word' id='word_1_50' title='bbox 204 1112 303 1175; x_wconf 84' lang='lat' dir='ltr'><strong>animi</strong></span> <span class='ocrx_word' id='word_1_51' title='bbox 323 1108 507 1194; x_wconf 73' lang='lat' dir='ltr'>ingeniique</span> <span class='ocrx_word' id='word_1_52' title='bbox 526 1107 648 1172; x_wconf 67' lang='lat' dir='ltr'><strong>vntum</strong></span> <span class='ocrx_word' id='word_1_53' title='bbox 669 1101 791 1174; x_wconf 79' lang='lat' dir='ltr'><strong>nouam</strong></span> <span class='ocrx_word' id='word_1_54' title='bbox 810 1126 947 1192; x_wconf 85' lang='lat' dir='ltr'><strong>eamque</strong></span> <span class='ocrx_word' id='word_1_55' title='bbox 967 1101 1099 1170; x_wconf 78' lang='lat' dir='ltr'><strong>divinus</strong></span> <span class='ocrx_word' id='word_1_56' title='bbox 1118 1107 1181 1187; x_wconf 89' lang='lat' dir='ltr'><strong>legi</strong></span> <span class='ocrx_word' id='word_1_57' title='bbox 1203 1103 1472 1171; x_wconf 79' lang='lat' dir='ltr'><strong>aooominodatam</strong></span> <span class='ocrx_word' id='word_1_58' title='bbox 1494 1107 1730 1172; x_wconf 80' lang='lat' dir='ltr'><strong>ritsetormam</strong></span> 
     </span>
     <span class='ocr_line' id='line_1_6' title="bbox 113 1209 1729 1309; baseline -0.002 -17"><span class='ocrx_word' id='word_1_59' title='bbox 113 1227 295 1292; x_wconf 83' lang='lat' dir='ltr'><strong>induerent.</strong></span> <span class='ocrx_word' id='word_1_60' title='bbox 336 1221 451 1309; x_wconf 78' lang='lat' dir='ltr'><strong>Neque</strong></span> <span class='ocrx_word' id='word_1_61' title='bbox 480 1222 576 1286; x_wconf 85' lang='lat' dir='ltr'><strong>alium</strong></span> <span class='ocrx_word' id='word_1_62' title='bbox 606 1241 719 1286; x_wconf 82' lang='lat' dir='ltr'><strong>sorum</strong></span> <span class='ocrx_word' id='word_1_63' title='bbox 747 1221 904 1304; x_wconf 78' lang='lat' dir='ltr'><strong>rationem</strong></span> <span class='ocrx_word' id='word_1_64' title='bbox 925 1239 1007 1300; x_wconf 82' lang='lat' dir='ltr'><strong>asse,</strong></span> <span class='ocrx_word' id='word_1_65' title='bbox 1036 1221 1094 1307; x_wconf 85' lang='lat' dir='ltr'><strong>qui</strong></span> <span class='ocrx_word' id='word_1_66' title='bbox 1113 1222 1229 1287; x_wconf 83' lang='lat' dir='ltr'><strong>nastris</strong></span> <span class='ocrx_word' id='word_1_67' title='bbox 1249 1223 1447 1308; x_wconf 73' lang='lat' dir='ltr'><strong>temporibus</strong></span> <span class='ocrx_word' id='word_1_68' title='bbox 1475 1225 1517 1286; x_wconf 83' lang='lat' dir='ltr'><strong>ob</strong></span> <span class='ocrx_word' id='word_1_69' title='bbox 1546 1225 1647 1289; x_wconf 88' lang='lat' dir='ltr'><strong>animi</strong></span> <span class='ocrx_word' id='word_1_70' title='bbox 1675 1209 1729 1289; x_wconf 68' lang='lat' dir='ltr'><strong>rai</strong></span> 
     </span>
     <span class='ocr_line' id='line_1_7' title="bbox 113 1317 1834 1426; baseline -0.001 -20"><span class='ocrx_word' id='word_1_71' title='bbox 113 1343 372 1406; x_wconf 74' lang='lat' dir='ltr'><strong>imbecillitatem·</strong></span> <span class='ocrx_word' id='word_1_72' title='bbox 385 1339 442 1404; x_wconf 77' lang='lat' dir='ltr'><strong>vat</strong></span> <span class='ocrx_word' id='word_1_73' title='bbox 460 1321 701 1424; x_wconf 76' lang='lat' dir='ltr'><strong>perversitatem</strong></span> <span class='ocrx_word' id='word_1_74' title='bbox 722 1357 758 1400; x_wconf 82' lang='lat' dir='ltr'><strong>su</strong></span> <span class='ocrx_word' id='word_1_75' title='bbox 774 1335 954 1424; x_wconf 79' lang='lat' dir='ltr'><strong>superbiam</strong></span> <span class='ocrx_word' id='word_1_76' title='bbox 974 1335 1125 1402; x_wconf 86' lang='lat' dir='ltr'><strong>divinum</strong></span> <span class='ocrx_word' id='word_1_77' title='bbox 1144 1335 1227 1400; x_wconf 83' lang='lat' dir='ltr'><strong>iilud</strong></span> <span class='ocrx_word' id='word_1_78' title='bbox 1246 1338 1610 1424; x_wconf 75' lang='lat' dir='ltr'><strong>bsmfiaiururaapuuut,</strong></span> <span class='ocrx_word' id='word_1_79' title='bbox 1626 1341 1733 1426; x_wconf 59' lang='lat' dir='ltr'><strong>‚probe</strong></span> <span class='ocrx_word' id='word_1_80' title='bbox 1827 1317 1834 1328; x_wconf 49' lang='lat'>¹</span> 
     </span>
     <span class='ocr_line' id='line_1_8' title="bbox 112 1452 1796 1543; baseline 0.001 -23"><span class='ocrx_word' id='word_1_81' title='bbox 112 1454 316 1543; x_wconf 78' lang='lat' dir='ltr'><strong>perpendant,</strong></span> <span class='ocrx_word' id='word_1_82' title='bbox 338 1453 393 1540; x_wconf 88' lang='lat' dir='ltr'><strong>qui</strong></span> <span class='ocrx_word' id='word_1_83' title='bbox 414 1454 501 1524; x_wconf 86' lang='lat' dir='ltr'><strong>aulos</strong></span> <span class='ocrx_word' id='word_1_84' title='bbox 522 1454 671 1538; x_wconf 88' lang='lat' dir='ltr'><strong>antiquos</strong></span> <span class='ocrx_word' id='word_1_85' title='bbox 691 1461 766 1516; x_wconf 82' lang='lat' dir='ltr'><strong>utrm</strong></span> <span class='ocrx_word' id='word_1_86' title='bbox 788 1453 1021 1538; x_wconf 72' lang='lat' dir='ltr'><strong>superstitionis</strong></span> <span class='ocrx_word' id='word_1_87' title='bbox 1041 1461 1112 1514; x_wconf 88' lang='lat' dir='ltr'><strong>tum</strong></span> <span class='ocrx_word' id='word_1_88' title='bbox 1128 1452 1307 1538; x_wconf 55' lang='lat' dir='ltr'><strong>inmutatis</strong></span> <span class='ocrx_word' id='word_1_89' title='bbox 1324 1453 1525 1532; x_wconf 86' lang='lat' dir='ltr'><strong>insimulant,</strong></span> <span class='ocrx_word' id='word_1_90' title='bbox 1543 1475 1616 1516; x_wconf 80' lang='lat' dir='ltr'><strong>aum</strong></span> <span class='ocrx_word' id='word_1_91' title='bbox 1636 1474 1731 1540; x_wconf 78' lang='lat' dir='ltr'><strong>prae·</strong></span> <span class='ocrx_word' id='word_1_92' title='bbox 1761 1469 1767 1486; x_wconf 90' lang='lat'><strong><em>‘</em></strong></span> <span class='ocrx_word' id='word_1_93' title='bbox 1793 1500 1796 1508; x_wconf 86' lang='lat'>-</span> 
     </span>
     <span class='ocr_line' id='line_1_9' title="bbox 85 1543 1840 1656; baseline 0 -20"><span class='ocrx_word' id='word_1_94' title='bbox 85 1545 287 1636; x_wconf 79' lang='lat' dir='ltr'><strong>¹sartiru&#39;ad</strong></span> <span class='ocrx_word' id='word_1_95' title='bbox 307 1567 504 1656; x_wconf 69' lang='lat' dir='ltr'><strong>antiquitatis</strong></span> <span class='ocrx_word' id='word_1_96' title='bbox 523 1565 667 1636; x_wconf 79' lang='lat' dir='ltr'><strong>studium</strong></span> <span class='ocrx_word' id='word_1_97' title='bbox 687 1570 722 1632; x_wconf 90' lang='lat' dir='ltr'><strong>iu</strong></span> <span class='ocrx_word' id='word_1_98' title='bbox 741 1571 896 1650; x_wconf 77' lang='lat' dir='ltr'><strong>juvenum</strong></span> <span class='ocrx_word' id='word_1_99' title='bbox 916 1565 1116 1632; x_wconf 86' lang='lat' dir='ltr'><strong>institutione</strong></span> <span class='ocrx_word' id='word_1_100' title='bbox 1135 1577 1221 1632; x_wconf 82' lang='lat' dir='ltr'><strong>reate</strong></span> <span class='ocrx_word' id='word_1_101' title='bbox 1240 1558 1440 1633; x_wconf 73' lang='lat' dir='ltr'><strong>tractandum</strong></span> <span class='ocrx_word' id='word_1_102' title='bbox 1471 1569 1527 1632; x_wconf 81' lang='lat' dir='ltr'><strong>rai</strong></span> <span class='ocrx_word' id='word_1_103' title='bbox 1542 1543 1728 1650; x_wconf 61' lang='lat' dir='ltr'><strong>gravisima</strong></span> <span class='ocrx_word' id='word_1_104' title='bbox 1836 1625 1840 1636; x_wconf 88' lang='lat'>.</span> 
     </span>
     <span class='ocr_line' id='line_1_10' title="bbox 96 1667 1735 1770; baseline -0.002 -18"><span class='ocrx_word' id='word_1_105' title='bbox 96 1667 154 1752; x_wconf 29' lang='lat' dir='ltr'><strong>&#39;sit</strong></span> <span class='ocrx_word' id='word_1_106' title='bbox 174 1687 268 1766; x_wconf 83' lang='lat' dir='ltr'><strong>hujus</strong></span> <span class='ocrx_word' id='word_1_107' title='bbox 288 1685 335 1750; x_wconf 88' lang='lat' dir='ltr'><strong>rei</strong></span> <span class='ocrx_word' id='word_1_108' title='bbox 362 1683 532 1770; x_wconf 85' lang='lat' dir='ltr'><strong>reputatio.</strong></span> <span class='ocrx_word' id='word_1_109' title='bbox 576 1679 703 1764; x_wconf 85' lang='lat' dir='ltr'><strong>Quodsi</strong></span> <span class='ocrx_word' id='word_1_110' title='bbox 730 1683 818 1746; x_wconf 88' lang='lat' dir='ltr'><strong>enim</strong></span> <span class='ocrx_word' id='word_1_111' title='bbox 848 1701 868 1746; x_wconf 89' lang='lat' dir='ltr'><strong>e</strong></span> <span class='ocrx_word' id='word_1_112' title='bbox 894 1683 1029 1762; x_wconf 74' lang='lat' dir='ltr'><strong>juvenili</strong></span> <span class='ocrx_word' id='word_1_113' title='bbox 1057 1683 1167 1748; x_wconf 86' lang='lat' dir='ltr'><strong>auimo</strong></span> <span class='ocrx_word' id='word_1_114' title='bbox 1197 1701 1339 1748; x_wconf 88' lang='lat' dir='ltr'><strong>errorem</strong></span> <span class='ocrx_word' id='word_1_115' title='bbox 1367 1683 1609 1770; x_wconf 83' lang='lat' dir='ltr'><strong>exstirpandum</strong></span> <span class='ocrx_word' id='word_1_116' title='bbox 1634 1695 1735 1770; x_wconf 84' lang='lat' dir='ltr'><strong>atque·</strong></span> 
     </span>
     <span class='ocr_line' id='line_1_11' title="bbox 111 1793 1727 1892; baseline -0.004 -22"><span class='ocrx_word' id='word_1_117' title='bbox 111 1819 209 1870; x_wconf 81' lang='lat' dir='ltr'><strong>omne</strong></span> <span class='ocrx_word' id='word_1_118' title='bbox 229 1799 393 1892; x_wconf 68' lang='lat' dir='ltr'><strong>pqavitatis</strong></span> <span class='ocrx_word' id='word_1_119' title='bbox 415 1817 516 1881; x_wconf 83' lang='lat' dir='ltr'><strong>genus</strong></span> <span class='ocrx_word' id='word_1_120' title='bbox 537 1797 714 1864; x_wconf 86' lang='lat' dir='ltr'><strong>eruendum</strong></span> <span class='ocrx_word' id='word_1_121' title='bbox 736 1817 808 1864; x_wconf 88' lang='lat' dir='ltr'><strong>asse</strong></span> <span class='ocrx_word' id='word_1_122' title='bbox 834 1793 997 1877; x_wconf 87' lang='lat' dir='ltr'><strong>ducimus,</strong></span> <span class='ocrx_word' id='word_1_123' title='bbox 1028 1806 1064 1861; x_wconf 92' lang='lat' dir='ltr'><strong>ut</strong></span> <span class='ocrx_word' id='word_1_124' title='bbox 1086 1796 1134 1863; x_wconf 86' lang='lat' dir='ltr'><strong>&#39;ad</strong></span> <span class='ocrx_word' id='word_1_125' title='bbox 1162 1797 1256 1862; x_wconf 87' lang='lat' dir='ltr'><strong>iilum</strong></span> <span class='ocrx_word' id='word_1_126' title='bbox 1284 1799 1396 1862; x_wconf 86' lang='lat' dir='ltr'><strong>aetatis</strong></span> <span class='ocrx_word' id='word_1_127' title='bbox 1422 1798 1536 1864; x_wconf 84' lang='lat' dir='ltr'><strong>florem</strong></span> <span class='ocrx_word' id='word_1_128' title='bbox 1561 1801 1727 1886; x_wconf 83' lang='lat' dir='ltr'><strong>parvenire</strong></span> 
     </span>
     <span class='ocr_line' id='line_1_12' title="bbox 109 1910 1728 2008; baseline -0.003 -25"><span class='ocrx_word' id='word_1_129' title='bbox 109 1921 295 2001; x_wconf 72' lang='lat' dir='ltr'><strong>frustusque</strong></span> <span class='ocrx_word' id='word_1_130' title='bbox 315 1914 417 2000; x_wconf 85' lang='lat' dir='ltr'><strong>possit</strong></span> <span class='ocrx_word' id='word_1_131' title='bbox 437 1910 534 1979; x_wconf 88' lang='lat' dir='ltr'><strong>edere</strong></span> <span class='ocrx_word' id='word_1_132' title='bbox 556 1915 743 1994; x_wconf 80' lang='lat' dir='ltr'><strong>uberrimos,</strong></span> <span class='ocrx_word' id='word_1_133' title='bbox 765 1922 849 1978; x_wconf 84' lang='lat' dir='ltr'><strong>recta</strong></span> <span class='ocrx_word' id='word_1_134' title='bbox 871 1933 907 1976; x_wconf 83' lang='lat' dir='ltr'><strong>eo</strong></span> <span class='ocrx_word' id='word_1_135' title='bbox 928 1913 1086 2000; x_wconf 76' lang='lat' dir='ltr'><strong>sapienter</strong></span> <span class='ocrx_word' id='word_1_136' title='bbox 1106 1928 1185 1977; x_wconf 87' lang='lat' dir='ltr'><strong>sana</strong></span> <span class='ocrx_word' id='word_1_137' title='bbox 1206 1932 1275 1993; x_wconf 86' lang='lat' dir='ltr'><strong>aus,</strong></span> <span class='ocrx_word' id='word_1_138' title='bbox 1287 1933 1422 2008; x_wconf 85' lang='lat' dir='ltr'><strong>quorum</strong></span> <span class='ocrx_word' id='word_1_139' title='bbox 1444 1933 1545 2000; x_wconf 78' lang='lat' dir='ltr'><strong>capax</strong></span> <span class='ocrx_word' id='word_1_140' title='bbox 1564 1926 1614 1978; x_wconf 84' lang='lat' dir='ltr'><strong>eat</strong></span> <span class='ocrx_word' id='word_1_141' title='bbox 1634 1914 1728 1978; x_wconf 90' lang='lat' dir='ltr'><strong>altiu-</strong></span> 
     </span>
     <span class='ocr_line' id='line_1_13' title="bbox 109 2007 1726 2119; baseline -0.002 -23"><span class='ocrx_word' id='word_1_142' title='bbox 109 2033 155 2096; x_wconf 86' lang='lat' dir='ltr'><strong>ris</strong></span> <span class='ocrx_word' id='word_1_143' title='bbox 176 2016 361 2096; x_wconf 79' lang='lat' dir='ltr'><strong>aiudttionis</strong></span> <span class='ocrx_word' id='word_1_144' title='bbox 380 2027 557 2111; x_wconf 82' lang='lat' dir='ltr'><strong>ingenium,</strong></span> <span class='ocrx_word' id='word_1_145' title='bbox 579 2027 620 2092; x_wconf 90' lang='lat' dir='ltr'><strong>ad</strong></span> <span class='ocrx_word' id='word_1_146' title='bbox 641 2029 734 2116; x_wconf 86' lang='lat' dir='ltr'><strong>prisci</strong></span> <span class='ocrx_word' id='word_1_147' title='bbox 754 2028 841 2119; x_wconf 82' lang='lat' dir='ltr'><strong>iilius¹</strong></span> <span class='ocrx_word' id='word_1_148' title='bbox 862 2029 936 2094; x_wconf 78' lang='lat' dir='ltr'><strong>aevi</strong></span> <span class='ocrx_word' id='word_1_149' title='bbox 953 2007 1172 2110; x_wconf 69' lang='lat' dir='ltr'><strong>dognitiouem</strong></span> <span class='ocrx_word' id='word_1_150' title='bbox 1193 2026 1406 2114; x_wconf 72' lang='lat' dir='ltr'><strong>perducimus,</strong></span> <span class='ocrx_word' id='word_1_151' title='bbox 1428 2021 1515 2116; x_wconf 82' lang='lat' dir='ltr'><strong>quod</strong></span> <span class='ocrx_word' id='word_1_152' title='bbox 1529 2028 1647 2094; x_wconf 86' lang='lat' dir='ltr'><strong>iisdem</strong></span> <span class='ocrx_word' id='word_1_153' title='bbox 1658 2031 1726 2093; x_wconf 81' lang='lat' dir='ltr'><strong>iere</strong></span> 
     </span>
     <span class='ocr_line' id='line_1_14' title="bbox 109 2141 1871 2231; baseline -0.003 -19"><span class='ocrx_word' id='word_1_154' title='bbox 109 2147 280 2212; x_wconf 82' lang='lat' dir='ltr'><strong>virtutibus</strong></span> <span class='ocrx_word' id='word_1_155' title='bbox 300 2145 449 2231; x_wconf 75' lang='lat' dir='ltr'><strong>vitiisque</strong></span> <span class='ocrx_word' id='word_1_156' title='bbox 468 2141 647 2230; x_wconf 83' lang='lat' dir='ltr'><strong>praeditum</strong></span> <span class='ocrx_word' id='word_1_157' title='bbox 668 2155 745 2226; x_wconf 84' lang='lat' dir='ltr'><strong>erat,</strong></span> <span class='ocrx_word' id='word_1_158' title='bbox 766 2145 882 2230; x_wconf 85' lang='lat' dir='ltr'><strong>quibus</strong></span> <span class='ocrx_word' id='word_1_159' title='bbox 903 2144 1077 2222; x_wconf 80' lang='lat' dir='ltr'><strong>juventutis</strong></span> <span class='ocrx_word' id='word_1_160' title='bbox 1098 2154 1227 2208; x_wconf 87' lang='lat' dir='ltr'><strong>nostrae</strong></span> <span class='ocrx_word' id='word_1_161' title='bbox 1246 2143 1287 2210; x_wconf 83' lang='lat' dir='ltr'><strong>ud</strong></span> <span class='ocrx_word' id='word_1_162' title='bbox 1307 2165 1417 2210; x_wconf 78' lang='lat' dir='ltr'><strong>varam</strong></span> <span class='ocrx_word' id='word_1_163' title='bbox 1431 2143 1728 2230; x_wconf 79' lang='lat' dir='ltr'><strong>firmamquefidarn</strong></span> <span class='ocrx_word' id='word_1_164' title='bbox 1844 2155 1871 2179; x_wconf 49' lang='lat'><strong>&#39;⁸</strong></span> 
     </span>
     <span class='ocr_line' id='line_1_15' title="bbox 109 2255 1728 2348; baseline -0.002 -23"><span class='ocrx_word' id='word_1_165' title='bbox 109 2259 253 2325; x_wconf 83' lang='lat' dir='ltr'><strong>noudum</strong></span> <span class='ocrx_word' id='word_1_166' title='bbox 273 2271 403 2348; x_wconf 71' lang='lat' dir='ltr'><strong>ereptae</strong></span> <span class='ocrx_word' id='word_1_167' title='bbox 424 2259 568 2324; x_wconf 88' lang='lat' dir='ltr'><strong>animum</strong></span> <span class='ocrx_word' id='word_1_168' title='bbox 589 2261 778 2325; x_wconf 79' lang='lat' dir='ltr'><strong>instructum</strong></span> <span class='ocrx_word' id='word_1_169' title='bbox 798 2279 870 2338; x_wconf 71' lang='lat' dir='ltr'><strong>ease</strong></span> <span class='ocrx_word' id='word_1_170' title='bbox 892 2255 1054 2324; x_wconf 79' lang='lat' dir='ltr'><strong>ridemus.</strong></span> <span class='ocrx_word' id='word_1_171' title='bbox 1096 2255 1177 2324; x_wconf 84' lang='lat' dir='ltr'><strong>Inde</strong></span> <span class='ocrx_word' id='word_1_172' title='bbox 1197 2260 1295 2340; x_wconf 86' lang='lat' dir='ltr'><strong>igitur</strong></span> <span class='ocrx_word' id='word_1_173' title='bbox 1316 2259 1393 2346; x_wconf 89' lang='lat' dir='ltr'><strong>quid</strong></span> <span class='ocrx_word' id='word_1_174' title='bbox 1412 2262 1542 2341; x_wconf 89' lang='lat' dir='ltr'><strong>bonum,</strong></span> <span class='ocrx_word' id='word_1_175' title='bbox 1563 2258 1640 2345; x_wconf 86' lang='lat' dir='ltr'><strong>quid</strong></span> <span class='ocrx_word' id='word_1_176' title='bbox 1649 2279 1728 2322; x_wconf 86' lang='lat' dir='ltr'><strong>cou-</strong></span> 
     </span>
     <span class='ocr_line' id='line_1_16' title="bbox 110 2369 1773 2462; baseline -0.001 -24"><span class='ocrx_word' id='word_1_177' title='bbox 110 2389 160 2438; x_wconf 88' lang='lat' dir='ltr'><strong>tra</strong></span> <span class='ocrx_word' id='word_1_178' title='bbox 180 2374 333 2440; x_wconf 74' lang='lat' dir='ltr'><strong>vitiosum</strong></span> <span class='ocrx_word' id='word_1_179' title='bbox 353 2375 395 2439; x_wconf 84' lang='lat' dir='ltr'><strong>sit</strong></span> <span class='ocrx_word' id='word_1_180' title='bbox 414 2373 448 2440; x_wconf 92' lang='lat' dir='ltr'><strong>in</strong></span> <span class='ocrx_word' id='word_1_181' title='bbox 469 2375 642 2438; x_wconf 87' lang='lat' dir='ltr'><strong>hominum</strong></span> <span class='ocrx_word' id='word_1_182' title='bbox 662 2385 772 2441; x_wconf 88' lang='lat' dir='ltr'><strong>natura</strong></span> <span class='ocrx_word' id='word_1_183' title='bbox 794 2371 988 2461; x_wconf 85' lang='lat' dir='ltr'><strong>perdiscant,</strong></span> <span class='ocrx_word' id='word_1_184' title='bbox 1016 2369 1092 2438; x_wconf 91' lang='lat' dir='ltr'><strong>iude</strong></span> <span class='ocrx_word' id='word_1_185' title='bbox 1119 2385 1248 2441; x_wconf 87' lang='lat' dir='ltr'><strong>sumant</strong></span> <span class='ocrx_word' id='word_1_186' title='bbox 1277 2373 1364 2462; x_wconf 91' lang='lat' dir='ltr'><strong>quod</strong></span> <span class='ocrx_word' id='word_1_187' title='bbox 1391 2375 1510 2458; x_wconf 74' lang='lat' dir='ltr'><strong>vitent,</strong></span> <span class='ocrx_word' id='word_1_188' title='bbox 1535 2373 1612 2438; x_wconf 89' lang='lat' dir='ltr'><strong>iuda</strong></span> <span class='ocrx_word' id='word_1_189' title='bbox 1638 2373 1728 2460; x_wconf 86' lang='lat' dir='ltr'><strong>quod</strong></span> <span class='ocrx_word' id='word_1_190' title='bbox 1761 2383 1773 2402; x_wconf 80' lang='lat'><em>⁶</em></span> 
     </span>
     <span class='ocr_line' id='line_1_17' title="bbox 109 2482 1725 2581; baseline -0.001 -27"><span class='ocrx_word' id='word_1_191' title='bbox 109 2490 283 2568; x_wconf 86' lang='lat' dir='ltr'><strong>imitantur,</strong></span> <span class='ocrx_word' id='word_1_192' title='bbox 302 2487 380 2559; x_wconf 82' lang='lat' dir='ltr'><strong>iuda</strong></span> <span class='ocrx_word' id='word_1_193' title='bbox 400 2509 478 2555; x_wconf 80' lang='lat' dir='ltr'><strong>vero</strong></span> <span class='ocrx_word' id='word_1_194' title='bbox 499 2490 597 2554; x_wconf 77' lang='lat' dir='ltr'><strong>ariam</strong></span> <span class='ocrx_word' id='word_1_195' title='bbox 618 2482 820 2576; x_wconf 84' lang='lat' dir='ltr'><strong>perspiciant,</strong></span> <span class='ocrx_word' id='word_1_196' title='bbox 838 2498 880 2581; x_wconf 23' lang='lat' dir='ltr'><strong>*nt</strong></span> <span class='ocrx_word' id='word_1_197' title='bbox 900 2486 1104 2573; x_wconf 83' lang='lat' dir='ltr'><strong>antiquorum</strong></span> <span class='ocrx_word' id='word_1_198' title='bbox 1124 2490 1330 2575; x_wconf 79' lang='lat' dir='ltr'><strong>quantumvis</strong></span> <span class='ocrx_word' id='word_1_199' title='bbox 1350 2490 1490 2555; x_wconf 86' lang='lat' dir='ltr'><strong>eximiae</strong></span> <span class='ocrx_word' id='word_1_200' title='bbox 1508 2488 1629 2577; x_wconf 84' lang='lat' dir='ltr'><strong>ingenii</strong></span> <span class='ocrx_word' id='word_1_201' title='bbox 1641 2487 1725 2553; x_wconf 81' lang='lat' dir='ltr'><strong>vires</strong></span> 
     </span>
     <span class='ocr_line' id='line_1_18' title="bbox 108 2600 1724 2693; baseline -0.003 -23"><span class='ocrx_word' id='word_1_202' title='bbox 108 2626 174 2670; x_wconf 91' lang='lat' dir='ltr'><strong>uon</strong></span> <span class='ocrx_word' id='word_1_203' title='bbox 196 2602 376 2670; x_wconf 78' lang='lat' dir='ltr'><strong>suffecerint</strong></span> <span class='ocrx_word' id='word_1_204' title='bbox 396 2600 437 2667; x_wconf 90' lang='lat' dir='ltr'><strong>ad</strong></span> <span class='ocrx_word' id='word_1_205' title='bbox 457 2604 700 2668; x_wconf 82' lang='lat' dir='ltr'><strong>exterrninauda</strong></span> <span class='ocrx_word' id='word_1_206' title='bbox 727 2623 808 2693; x_wconf 87' lang='lat' dir='ltr'><strong>quae</strong></span> <span class='ocrx_word' id='word_1_207' title='bbox 828 2603 897 2667; x_wconf 85' lang='lat' dir='ltr'><strong>sola</strong></span> <span class='ocrx_word' id='word_1_208' title='bbox 919 2601 1045 2664; x_wconf 84' lang='lat' dir='ltr'><strong>obstant</strong></span> <span class='ocrx_word' id='word_1_209' title='bbox 1071 2603 1159 2668; x_wconf 78' lang='lat' dir='ltr'><strong>vitae</strong></span> <span class='ocrx_word' id='word_1_210' title='bbox 1184 2607 1297 2673; x_wconf 84' lang='lat' dir='ltr'><strong>beatae</strong></span> <span class='ocrx_word' id='word_1_211' title='bbox 1327 2604 1405 2670; x_wconf 78' lang='lat' dir='ltr'><strong>vitia</strong></span> <span class='ocrx_word' id='word_1_212' title='bbox 1426 2605 1551 2686; x_wconf 84' lang='lat' dir='ltr'><strong>generis</strong></span> <span class='ocrx_word' id='word_1_213' title='bbox 1578 2601 1724 2682; x_wconf 87' lang='lat' dir='ltr'><strong>humaui,</strong></span> 
     </span>
     <span class='ocr_line' id='line_1_19' title="bbox 109 2701 1726 2806; baseline -0.002 -20"><span class='ocrx_word' id='word_1_214' title='bbox 109 2723 156 2786; x_wconf 85' lang='lat' dir='ltr'><strong>sic</strong></span> <span class='ocrx_word' id='word_1_215' title='bbox 175 2719 256 2786; x_wconf 84' lang='lat' dir='ltr'><strong>nulli</strong></span> <span class='ocrx_word' id='word_1_216' title='bbox 278 2718 411 2801; x_wconf 85' lang='lat' dir='ltr'><strong>omniuo</strong></span> <span class='ocrx_word' id='word_1_217' title='bbox 431 2719 616 2783; x_wconf 88' lang='lat' dir='ltr'><strong>mortalium</strong></span> <span class='ocrx_word' id='word_1_218' title='bbox 637 2719 775 2784; x_wconf 88' lang='lat' dir='ltr'><strong>salutem</strong></span> <span class='ocrx_word' id='word_1_219' title='bbox 796 2736 979 2782; x_wconf 79' lang='lat' dir='ltr'><strong>concessam</strong></span> <span class='ocrx_word' id='word_1_220' title='bbox 1000 2737 1072 2781; x_wconf 83' lang='lat' dir='ltr'><strong>esse</strong></span> <span class='ocrx_word' id='word_1_221' title='bbox 1092 2719 1155 2782; x_wconf 90' lang='lat' dir='ltr'><strong>uisi</strong></span> <span class='ocrx_word' id='word_1_222' title='bbox 1175 2719 1204 2782; x_wconf 89' lang='lat' dir='ltr'><strong>si</strong></span> <span class='ocrx_word' id='word_1_223' title='bbox 1225 2715 1266 2782; x_wconf 86' lang='lat' dir='ltr'><strong>ad</strong></span> <span class='ocrx_word' id='word_1_224' title='bbox 1286 2721 1464 2786; x_wconf 82' lang='lat' dir='ltr'><strong>naturalem</strong></span> <span class='ocrx_word' id='word_1_225' title='bbox 1479 2701 1570 2786; x_wconf 76' lang='lat' dir='ltr'><strong>iiiam</strong></span> <span class='ocrx_word' id='word_1_226' title='bbox 1579 2717 1726 2806; x_wconf 83' lang='lat' dir='ltr'><strong>indolem</strong></span> 
     </span>
     <span class='ocr_line' id='line_1_20' title="bbox 82 2831 1466 2918; baseline 0 -18"><span class='ocrx_word' id='word_1_227' title='bbox 82 2864 84 2868; x_wconf 95' lang='lat'>·</span> <span class='ocrx_word' id='word_1_228' title='bbox 106 2832 273 2900; x_wconf 82' lang='lat' dir='ltr'><strong>secesserit</strong></span> <span class='ocrx_word' id='word_1_229' title='bbox 293 2851 331 2896; x_wconf 84' lang='lat' dir='ltr'><strong>ea</strong></span> <span class='ocrx_word' id='word_1_230' title='bbox 351 2831 454 2896; x_wconf 83' lang='lat' dir='ltr'><strong>divini</strong></span> <span class='ocrx_word' id='word_1_231' title='bbox 475 2833 607 2918; x_wconf 83' lang='lat' dir='ltr'><strong>spiritua</strong></span> <span class='ocrx_word' id='word_1_232' title='bbox 627 2834 690 2914; x_wconf 80' lang='lat' dir='ltr'><strong>vie,</strong></span> <span class='ocrx_word' id='word_1_233' title='bbox 714 2836 802 2916; x_wconf 83' lang='lat' dir='ltr'><strong>eujus</strong></span> <span class='ocrx_word' id='word_1_234' title='bbox 823 2833 913 2897; x_wconf 83' lang='lat' dir='ltr'><strong>solua</strong></span> <span class='ocrx_word' id='word_1_235' title='bbox 940 2831 993 2896; x_wconf 88' lang='lat' dir='ltr'><strong>dai</strong></span> <span class='ocrx_word' id='word_1_236' title='bbox 1014 2833 1101 2896; x_wconf 81' lang='lat' dir='ltr'><strong>filius</strong></span> <span class='ocrx_word' id='word_1_237' title='bbox 1123 2846 1231 2898; x_wconf 84' lang='lat' dir='ltr'><strong>auctor</strong></span> <span class='ocrx_word' id='word_1_238' title='bbox 1250 2835 1383 2904; x_wconf 80' lang='lat' dir='ltr'><strong>exstitit.</strong></span> <span class='ocrx_word' id='word_1_239' title='bbox 1462 2843 1466 2850; x_wconf 60' lang='lat'><strong><em>⁴</em></strong></span> 
     </span>
     <span class='ocr_line' id='line_1_21' title="bbox 233 2946 1723 3032; baseline -0.003 -20"><span class='ocrx_word' id='word_1_240' title='bbox 233 2947 294 3012; x_wconf 82' lang='lat' dir='ltr'><strong>His</strong></span> <span class='ocrx_word' id='word_1_241' title='bbox 317 2947 411 3028; x_wconf 87' lang='lat' dir='ltr'><strong>igitur</strong></span> <span class='ocrx_word' id='word_1_242' title='bbox 434 2956 587 3032; x_wconf 86' lang='lat' dir='ltr'><strong>quantum</strong></span> <span class='ocrx_word' id='word_1_243' title='bbox 607 2966 664 3030; x_wconf 85' lang='lat' dir='ltr'><strong>per</strong></span> <span class='ocrx_word' id='word_1_244' title='bbox 694 2946 919 3010; x_wconf 83' lang='lat' dir='ltr'><strong>brevissimum</strong></span> <span class='ocrx_word' id='word_1_245' title='bbox 949 2948 1046 3020; x_wconf 86' lang='lat' dir='ltr'><strong>hujus</strong></span> <span class='ocrx_word' id='word_1_246' title='bbox 1073 2948 1245 3027; x_wconf 85' lang='lat' dir='ltr'><strong>scripturae</strong></span> <span class='ocrx_word' id='word_1_247' title='bbox 1272 2952 1412 3030; x_wconf 87' lang='lat' dir='ltr'><strong>spatium</strong></span> <span class='ocrx_word' id='word_1_248' title='bbox 1432 2950 1522 3012; x_wconf 76' lang='lat' dir='ltr'><strong>licuit</strong></span> <span class='ocrx_word' id='word_1_249' title='bbox 1552 2946 1723 3011; x_wconf 79' lang='lat' dir='ltr'><strong>accuratius</strong></span> 
     </span>
     <span class='ocr_line' id='line_1_22' title="bbox 104 3052 1726 3152; baseline -0.004 -23"><span class='ocrx_word' id='word_1_250' title='bbox 104 3062 273 3150; x_wconf 83' lang='lat' dir='ltr'><strong>expositis,</strong></span> <span class='ocrx_word' id='word_1_251' title='bbox 294 3062 329 3122; x_wconf 91' lang='lat' dir='ltr'><strong>iu</strong></span> <span class='ocrx_word' id='word_1_252' title='bbox 352 3059 407 3122; x_wconf 89' lang='lat' dir='ltr'><strong>illa</strong></span> <span class='ocrx_word' id='word_1_253' title='bbox 428 3055 585 3122; x_wconf 86' lang='lat' dir='ltr'><strong>Herodoti</strong></span> <span class='ocrx_word' id='word_1_254' title='bbox 605 3057 721 3152; x_wconf 80' lang='lat' dir='ltr'><strong>pietate</strong></span> <span class='ocrx_word' id='word_1_255' title='bbox 741 3053 817 3141; x_wconf 88' lang='lat' dir='ltr'><strong>quid</strong></span> <span class='ocrx_word' id='word_1_256' title='bbox 838 3052 1039 3138; x_wconf 87' lang='lat' dir='ltr'><strong>probandum</strong></span> <span class='ocrx_word' id='word_1_257' title='bbox 1059 3053 1231 3138; x_wconf 80' lang='lat' dir='ltr'><strong>magnique</strong></span> <span class='ocrx_word' id='word_1_258' title='bbox 1252 3057 1434 3122; x_wconf 82' lang='lat' dir='ltr'><strong>faciendum</strong></span> <span class='ocrx_word' id='word_1_259' title='bbox 1455 3061 1517 3141; x_wconf 86' lang='lat' dir='ltr'><strong>ait,</strong></span> <span class='ocrx_word' id='word_1_260' title='bbox 1547 3057 1625 3146; x_wconf 89' lang='lat' dir='ltr'><strong>quid</strong></span> <span class='ocrx_word' id='word_1_261' title='bbox 1647 3079 1726 3122; x_wconf 87' lang='lat' dir='ltr'><strong>cou-</strong></span> 
     </span>
     <span class='ocr_line' id='line_1_23' title="bbox 105 3159 1724 3262; baseline -0.006 -17"><span class='ocrx_word' id='word_1_262' title='bbox 105 3191 155 3245; x_wconf 87' lang='lat' dir='ltr'><strong>tra</strong></span> <span class='ocrx_word' id='word_1_263' title='bbox 182 3171 428 3262; x_wconf 75' lang='lat' dir='ltr'><strong>improbandum</strong></span> <span class='ocrx_word' id='word_1_264' title='bbox 457 3192 494 3234; x_wconf 85' lang='lat' dir='ltr'><strong>ae</strong></span> <span class='ocrx_word' id='word_1_265' title='bbox 522 3167 769 3257; x_wconf 80' lang='lat' dir='ltr'><strong>vituperandum</strong></span> <span class='ocrx_word' id='word_1_266' title='bbox 801 3166 924 3230; x_wconf 78' lang='lat' dir='ltr'><strong>facilius</strong></span> <span class='ocrx_word' id='word_1_267' title='bbox 954 3163 1188 3250; x_wconf 87' lang='lat' dir='ltr'><strong>intelligemus,</strong></span> <span class='ocrx_word' id='word_1_268' title='bbox 1221 3159 1352 3258; x_wconf 72' lang='lat' dir='ltr'><strong>jamqud</strong></span> <span class='ocrx_word' id='word_1_269' title='bbox 1381 3171 1505 3254; x_wconf 84' lang='lat' dir='ltr'><strong>singula</strong></span> <span class='ocrx_word' id='word_1_270' title='bbox 1531 3173 1724 3262; x_wconf 73' lang='lat' dir='ltr'><strong>persecuturi</strong></span> 
     </span>
     <span class='ocr_line' id='line_1_24' title="bbox 105 3267 1724 3380; baseline -0.002 -24"><span class='ocrx_word' id='word_1_271' title='bbox 105 3293 232 3380; x_wconf 90' lang='lat' dir='ltr'><strong>quale</strong></span> <span class='ocrx_word' id='word_1_272' title='bbox 252 3287 361 3354; x_wconf 88' lang='lat' dir='ltr'><strong>illud</strong></span> <span class='ocrx_word' id='word_1_273' title='bbox 383 3287 440 3352; x_wconf 88' lang='lat' dir='ltr'><strong>sit</strong></span> <span class='ocrx_word' id='word_1_274' title='bbox 460 3292 590 3362; x_wconf 67' lang='lat' dir='ltr'><strong>dator</strong></span> <span class='ocrx_word' id='word_1_275' title='bbox 612 3295 738 3372; x_wconf 80' lang='lat' dir='ltr'><strong>atqua</strong></span> <span class='ocrx_word' id='word_1_276' title='bbox 759 3301 875 3368; x_wconf 80' lang='lat' dir='ltr'><strong>quum</strong></span> <span class='ocrx_word' id='word_1_277' title='bbox 895 3281 982 3344; x_wconf 77' lang='lat' dir='ltr'><strong>vim</strong></span> <span class='ocrx_word' id='word_1_278' title='bbox 1002 3281 1047 3344; x_wconf 81' lang='lat' dir='ltr'><strong>itt</strong></span> <span class='ocrx_word' id='word_1_279' title='bbox 1068 3283 1256 3359; x_wconf 75' lang='lat' dir='ltr'><strong>heminas</strong></span> <span class='ocrx_word' id='word_1_280' title='bbox 1283 3267 1474 3354; x_wconf 75' lang='lat' dir='ltr'><strong>exerceat</strong></span> <span class='ocrx_word' id='word_1_281' title='bbox 1494 3290 1724 3377; x_wconf 78' lang='lat' dir='ltr'><strong>perquiramus,</strong></span> 
     </span>
     <span class='ocr_line' id='line_1_25' title="bbox 103 3393 1463 3492; baseline -0.007 -19"><span class='ocrx_word' id='word_1_282' title='bbox 103 3407 191 3472; x_wconf 85' lang='lat' dir='ltr'><strong>uude</strong></span> <span class='ocrx_word' id='word_1_283' title='bbox 211 3414 326 3491; x_wconf 82' lang='lat' dir='ltr'><strong>sponte</strong></span> <span class='ocrx_word' id='word_1_284' title='bbox 347 3403 466 3492; x_wconf 81' lang='lat' dir='ltr'><strong>patebit</strong></span> <span class='ocrx_word' id='word_1_285' title='bbox 487 3421 548 3488; x_wconf 86' lang='lat' dir='ltr'><strong>qua</strong></span> <span class='ocrx_word' id='word_1_286' title='bbox 568 3398 775 3485; x_wconf 84' lang='lat' dir='ltr'><strong>potissimum</strong></span> <span class='ocrx_word' id='word_1_287' title='bbox 795 3395 829 3460; x_wconf 89' lang='lat' dir='ltr'><strong>iu</strong></span> <span class='ocrx_word' id='word_1_288' title='bbox 850 3416 885 3460; x_wconf 86' lang='lat' dir='ltr'><strong>rs</strong></span> <span class='ocrx_word' id='word_1_289' title='bbox 906 3393 1007 3482; x_wconf 84' lang='lat' dir='ltr'><strong>piatas</strong></span> <span class='ocrx_word' id='word_1_290' title='bbox 1027 3396 1187 3484; x_wconf 85' lang='lat' dir='ltr'><strong>scriptoria</strong></span> <span class='ocrx_word' id='word_1_291' title='bbox 1207 3411 1361 3464; x_wconf 76' lang='lat' dir='ltr'><strong>versetur.</strong></span> <span class='ocrx_word' id='word_1_292' title='bbox 1395 3435 1403 3452; x_wconf 64' lang='grc' dir='ltr'><em>ι</em></span> <span class='ocrx_word' id='word_1_293' title='bbox 1458 3460 1463 3473; x_wconf 70' lang='grc'><em>,</em></span> 
     </span>
     <span class='ocr_line' id='line_1_26' title="bbox 232 3509 1724 3606; baseline -0.001 -22"><span class='ocrx_word' id='word_1_294' title='bbox 232 3519 283 3584; x_wconf 77' lang='lat' dir='ltr'><strong>Ac</strong></span> <span class='ocrx_word' id='word_1_295' title='bbox 304 3519 445 3606; x_wconf 87' lang='lat' dir='ltr'><strong>primum</strong></span> <span class='ocrx_word' id='word_1_296' title='bbox 467 3512 597 3604; x_wconf 87' lang='lat' dir='ltr'><strong>quidam</strong></span> <span class='ocrx_word' id='word_1_297' title='bbox 619 3513 654 3578; x_wconf 87' lang='lat' dir='ltr'><strong>id</strong></span> <span class='ocrx_word' id='word_1_298' title='bbox 675 3513 784 3578; x_wconf 82' lang='lat' dir='ltr'><strong>statim</strong></span> <span class='ocrx_word' id='word_1_299' title='bbox 804 3509 892 3578; x_wconf 87' lang='lat' dir='ltr'><strong>haud</strong></span> <span class='ocrx_word' id='word_1_300' title='bbox 913 3511 987 3574; x_wconf 81' lang='lat' dir='ltr'><strong>leve</strong></span> <span class='ocrx_word' id='word_1_301' title='bbox 1009 3512 1138 3596; x_wconf 81' lang='lat' dir='ltr'><strong>pietatis</strong></span> <span class='ocrx_word' id='word_1_302' title='bbox 1155 3534 1234 3578; x_wconf 89' lang='lat' dir='ltr'><strong>suaa</strong></span> <span class='ocrx_word' id='word_1_303' title='bbox 1255 3513 1482 3582; x_wconf 82' lang='lat' dir='ltr'><strong>documentum</strong></span> <span class='ocrx_word' id='word_1_304' title='bbox 1501 3517 1633 3603; x_wconf 84' lang='lat' dir='ltr'><strong>praebat</strong></span> <span class='ocrx_word' id='word_1_305' title='bbox 1653 3516 1724 3582; x_wconf 86' lang='lat' dir='ltr'><strong>Ha·</strong></span> 
     </span>
     <span class='ocr_line' id='line_1_27' title="bbox 9 3597 1722 3722; baseline -0.004 -20"><span class='ocrx_word' id='word_1_306' title='bbox 9 3613 13 3624; x_wconf 42' lang='lat'><strong><em>¹</em></strong></span> <span class='ocrx_word' id='word_1_307' title='bbox 104 3637 236 3702; x_wconf 86' lang='lat' dir='ltr'><strong>rodotus</strong></span> <span class='ocrx_word' id='word_1_308' title='bbox 258 3633 344 3722; x_wconf 91' lang='lat' dir='ltr'><strong>quod</strong></span> <span class='ocrx_word' id='word_1_309' title='bbox 366 3628 556 3722; x_wconf 86' lang='lat' dir='ltr'><strong>opponendo</strong></span> <span class='ocrx_word' id='word_1_310' title='bbox 578 3630 720 3692; x_wconf 90' lang='lat' dir='ltr'><strong>humana</strong></span> <span class='ocrx_word' id='word_1_311' title='bbox 741 3627 861 3702; x_wconf 82' lang='lat' dir='ltr'><strong>divinia</strong></span> <span class='ocrx_word' id='word_1_312' title='bbox 883 3647 948 3690; x_wconf 91' lang='lat' dir='ltr'><strong>nou</strong></span> <span class='ocrx_word' id='word_1_313' title='bbox 975 3627 1110 3692; x_wconf 80' lang='lat' dir='ltr'><strong>obseura</strong></span> <span class='ocrx_word' id='word_1_314' title='bbox 1139 3627 1257 3694; x_wconf 79' lang='lat' dir='ltr'><strong>indicat</strong></span> <span class='ocrx_word' id='word_1_315' title='bbox 1284 3635 1450 3718; x_wconf 84' lang='lat' dir='ltr'><strong>utriusque</strong></span> <span class='ocrx_word' id='word_1_316' title='bbox 1469 3597 1600 3720; x_wconf 70' lang='lat' dir='ltr'><strong>quidem</strong></span> <span class='ocrx_word' id='word_1_317' title='bbox 1618 3633 1666 3695; x_wconf 86' lang='lat' dir='ltr'><strong>rei</strong></span> <span class='ocrx_word' id='word_1_318' title='bbox 1685 3633 1722 3696; x_wconf 87' lang='lat' dir='ltr'><strong>iu</strong></span> 
     </span>
     <span class='ocr_line' id='line_1_28' title="bbox 103 3741 1720 3834; baseline -0.004 -19"><span class='ocrx_word' id='word_1_319' title='bbox 103 3751 236 3815; x_wconf 75' lang='lat' dir='ltr'><strong>historia</strong></span> <span class='ocrx_word' id='word_1_320' title='bbox 255 3751 413 3814; x_wconf 86' lang='lat' dir='ltr'><strong>rationem</strong></span> <span class='ocrx_word' id='word_1_321' title='bbox 433 3743 615 3811; x_wconf 84' lang='lat' dir='ltr'><strong>habendam</strong></span> <span class='ocrx_word' id='word_1_322' title='bbox 636 3764 718 3819; x_wconf 86' lang='lat' dir='ltr'><strong>esse,</strong></span> <span class='ocrx_word' id='word_1_323' title='bbox 743 3741 799 3834; x_wconf 80' lang='lat' dir='ltr'><strong>sed</strong></span> <span class='ocrx_word' id='word_1_324' title='bbox 819 3742 883 3822; x_wconf 86' lang='lat' dir='ltr'><strong>ita,</strong></span> <span class='ocrx_word' id='word_1_325' title='bbox 918 3751 954 3804; x_wconf 90' lang='lat' dir='ltr'><strong>ut</strong></span> <span class='ocrx_word' id='word_1_326' title='bbox 982 3742 1124 3808; x_wconf 88' lang='lat' dir='ltr'><strong>numinis</strong></span> <span class='ocrx_word' id='word_1_327' title='bbox 1154 3741 1257 3810; x_wconf 84' lang='lat' dir='ltr'><strong>divini</strong></span> <span class='ocrx_word' id='word_1_328' title='bbox 1284 3750 1471 3812; x_wconf 83' lang='lat' dir='ltr'><strong>necessitate</strong></span> <span class='ocrx_word' id='word_1_329' title='bbox 1495 3759 1626 3810; x_wconf 85' lang='lat' dir='ltr'><strong>tautum</strong></span> <span class='ocrx_word' id='word_1_330' title='bbox 1649 3747 1720 3834; x_wconf 82' lang='lat' dir='ltr'><strong>ipra</strong></span> 
     </span>
     <span class='ocr_line' id='line_1_29' title="bbox 105 3856 1718 3946; baseline -0.002 -17"><span class='ocrx_word' id='word_1_331' title='bbox 105 3875 236 3946; x_wconf 80' lang='lat' dir='ltr'><strong>cogente</strong></span> <span class='ocrx_word' id='word_1_332' title='bbox 265 3863 389 3927; x_wconf 88' lang='lat' dir='ltr'><strong>mantio</strong></span> <span class='ocrx_word' id='word_1_333' title='bbox 416 3861 591 3941; x_wconf 76' lang='lat' dir='ltr'><strong>injiciatur,</strong></span> <span class='ocrx_word' id='word_1_334' title='bbox 620 3859 739 3946; x_wconf 88' lang='lat' dir='ltr'><strong>quippe</strong></span> <span class='ocrx_word' id='word_1_335' title='bbox 768 3856 853 3946; x_wconf 88' lang='lat' dir='ltr'><strong>quod</strong></span> <span class='ocrx_word' id='word_1_336' title='bbox 872 3857 908 3921; x_wconf 93' lang='lat' dir='ltr'><strong>iu</strong></span> <span class='ocrx_word' id='word_1_337' title='bbox 927 3859 1071 3922; x_wconf 85' lang='lat' dir='ltr'><strong>maxima</strong></span> <span class='ocrx_word' id='word_1_338' title='bbox 1096 3860 1309 3928; x_wconf 85' lang='lat' dir='ltr'><strong>humanarum</strong></span> <span class='ocrx_word' id='word_1_339' title='bbox 1327 3874 1435 3928; x_wconf 85' lang='lat' dir='ltr'><strong>rarum</strong></span> <span class='ocrx_word' id='word_1_340' title='bbox 1454 3861 1610 3928; x_wconf 68' lang='lat' dir='ltr'><strong>variante</strong></span> <span class='ocrx_word' id='word_1_341' title='bbox 1629 3859 1718 3928; x_wconf 89' lang='lat' dir='ltr'><strong>idam</strong></span> 
     </span>
     <span class='ocr_line' id='line_1_30' title="bbox 105 3969 1718 4064; baseline -0.001 -20"><span class='ocrx_word' id='word_1_342' title='bbox 105 3996 232 4063; x_wconf 81' lang='lat' dir='ltr'><strong>ssmpar</strong></span> <span class='ocrx_word' id='word_1_343' title='bbox 251 3977 293 4040; x_wconf 88' lang='lat' dir='ltr'><strong>sit</strong></span> <span class='ocrx_word' id='word_1_344' title='bbox 314 3971 438 4062; x_wconf 81' lang='lat' dir='ltr'><strong>sibique</strong></span> <span class='ocrx_word' id='word_1_345' title='bbox 459 3983 580 4038; x_wconf 86' lang='lat' dir='ltr'><strong>constat</strong></span> <span class='ocrx_word' id='word_1_346' title='bbox 600 3972 718 4058; x_wconf 87' lang='lat' dir='ltr'><strong>ubique</strong></span> <span class='ocrx_word' id='word_1_347' title='bbox 743 3972 788 4054; x_wconf 82' lang='lat'><strong>²).</strong></span> <span class='ocrx_word' id='word_1_348' title='bbox 830 3969 940 4056; x_wconf 85' lang='lat' dir='ltr'><strong>Quare</strong></span> <span class='ocrx_word' id='word_1_349' title='bbox 963 3973 1019 4038; x_wconf 89' lang='lat' dir='ltr'><strong>ubi</strong></span> <span class='ocrx_word' id='word_1_350' title='bbox 1047 3973 1138 4060; x_wconf 84' lang='lat' dir='ltr'><strong>ptura</strong></span> <span class='ocrx_word' id='word_1_351' title='bbox 1165 3975 1208 4040; x_wconf 85' lang='lat' dir='ltr'><strong>de</strong></span> <span class='ocrx_word' id='word_1_352' title='bbox 1236 3977 1300 4044; x_wconf 86' lang='lat' dir='ltr'><strong>diis</strong></span> <span class='ocrx_word' id='word_1_353' title='bbox 1326 3976 1443 4058; x_wconf 79' lang='lat' dir='ltr'><strong>ingerit</strong></span> <span class='ocrx_word' id='word_1_354' title='bbox 1470 3977 1602 4042; x_wconf 79' lang='lat' dir='ltr'><strong>reniam</strong></span> <span class='ocrx_word' id='word_1_355' title='bbox 1628 3977 1718 4064; x_wconf 85' lang='lat' dir='ltr'><strong>ipsos</strong></span> 
     </span>
     <span class='ocr_line' id='line_1_31' title="bbox 102 4087 1718 4184; baseline -0.002 -25"><span class='ocrx_word' id='word_1_356' title='bbox 102 4105 248 4184; x_wconf 83' lang='lat' dir='ltr'><strong>precatur</strong></span> <span class='ocrx_word' id='word_1_357' title='bbox 271 4087 306 4176; x_wconf 79' lang='lat'><strong>¹¹)</strong></span> <span class='ocrx_word' id='word_1_358' title='bbox 332 4102 429 4177; x_wconf 88' lang='lat' dir='ltr'><strong>atqua</strong></span> <span class='ocrx_word' id='word_1_359' title='bbox 458 4089 590 4153; x_wconf 88' lang='lat' dir='ltr'><strong>omniuo</strong></span> <span class='ocrx_word' id='word_1_360' title='bbox 621 4108 749 4150; x_wconf 80' lang='lat' dir='ltr'><strong>summa</strong></span> <span class='ocrx_word' id='word_1_361' title='bbox 774 4109 846 4151; x_wconf 86' lang='lat' dir='ltr'><strong>cum</strong></span> <span class='ocrx_word' id='word_1_362' title='bbox 874 4087 1064 4152; x_wconf 82' lang='lat' dir='ltr'><strong>varaaundia</strong></span> <span class='ocrx_word' id='word_1_363' title='bbox 1094 4087 1135 4154; x_wconf 92' lang='lat' dir='ltr'><strong>da</strong></span> <span class='ocrx_word' id='word_1_364' title='bbox 1154 4091 1195 4155; x_wconf 88' lang='lat' dir='ltr'><strong>iis</strong></span> <span class='ocrx_word' id='word_1_365' title='bbox 1214 4091 1354 4178; x_wconf 88' lang='lat' dir='ltr'><strong>loquitur</strong></span> <span class='ocrx_word' id='word_1_366' title='bbox 1372 4087 1426 4178; x_wconf 81' lang='lat'><strong>⁸),</strong></span> <span class='ocrx_word' id='word_1_367' title='bbox 1456 4112 1553 4178; x_wconf 87' lang='lat' dir='ltr'><strong>quam</strong></span> <span class='ocrx_word' id='word_1_368' title='bbox 1572 4112 1614 4156; x_wconf 89' lang='lat' dir='ltr'><strong>ao</strong></span> <span class='ocrx_word' id='word_1_369' title='bbox 1634 4111 1718 4178; x_wconf 91' lang='lat' dir='ltr'><strong>qun·</strong></span> 
     </span>
     <span class='ocr_line' id='line_1_32' title="bbox 105 4185 1719 4298; baseline -0.004 -22"><span class='ocrx_word' id='word_1_370' title='bbox 105 4231 168 4298; x_wconf 90' lang='lat' dir='ltr'><strong>qua</strong></span> <span class='ocrx_word' id='word_1_371' title='bbox 195 4185 268 4296; x_wconf 84' lang='lat' dir='ltr'><strong>ipso</strong></span> <span class='ocrx_word' id='word_1_372' title='bbox 294 4225 371 4296; x_wconf 89' lang='lat' dir='ltr'><strong>prae</strong></span> <span class='ocrx_word' id='word_1_373' title='bbox 395 4226 438 4272; x_wconf 81' lang='lat' dir='ltr'><strong>se</strong></span> <span class='ocrx_word' id='word_1_374' title='bbox 467 4207 552 4270; x_wconf 80' lang='lat' dir='ltr'><strong>farra</strong></span> <span class='ocrx_word' id='word_1_375' title='bbox 571 4201 718 4286; x_wconf 80' lang='lat' dir='ltr'><strong>videtur,</strong></span> <span class='ocrx_word' id='word_1_376' title='bbox 748 4200 835 4292; x_wconf 88' lang='lat' dir='ltr'><strong>qnod</strong></span> <span class='ocrx_word' id='word_1_377' title='bbox 862 4201 965 4294; x_wconf 18' lang='lat' dir='ltr'><strong>drinio</strong></span> <span class='ocrx_word' id='word_1_378' title='bbox 991 4216 1026 4269; x_wconf 90' lang='lat' dir='ltr'><strong>at</strong></span> <span class='ocrx_word' id='word_1_379' title='bbox 1052 4187 1143 4276; x_wconf 66' lang='lat' dir='ltr'><strong>deod</strong></span> <span class='ocrx_word' id='word_1_380' title='bbox 1161 4209 1350 4296; x_wconf 83' lang='lat' dir='ltr'><strong>plerumque</strong></span> <span class='ocrx_word' id='word_1_381' title='bbox 1368 4206 1504 4274; x_wconf 77' lang='lat' dir='ltr'><strong>vocibus</strong></span> <span class='ocrx_word' id='word_1_382' title='bbox 1523 4205 1633 4271; x_wconf 82' lang='lat' dir='ltr'><strong>aliove</strong></span> <span class='ocrx_word' id='word_1_383' title='bbox 1652 4225 1719 4292; x_wconf 81' lang='lat' dir='ltr'><strong>quo</strong></span> 
     </span>
    </p>
   </div>
   <div class='ocr_carea' id='block_1_2' title="bbox 91 4393 1723 4754">
    <p class='ocr_par' dir='ltr' id='par_1_2' title="bbox 91 4393 1723 4754">
     <span class='ocr_line' id='line_1_33' title="bbox 93 4393 1138 4476; baseline -0.001 -16"><span class='ocrx_word' id='word_1_384' title='bbox 93 4447 99 4460; x_wconf 91' lang='lat'><em>.</em></span> <span class='ocrx_word' id='word_1_385' title='bbox 122 4405 170 4476; x_wconf 81' lang='lat'><strong>&#39;²)</strong></span> <span class='ocrx_word' id='word_1_386' title='bbox 188 4407 233 4475; x_wconf 87' lang='lat'><strong>11,</strong></span> <span class='ocrx_word' id='word_1_387' title='bbox 247 4403 275 4462; x_wconf 80' lang='grc'><strong>3.</strong></span> <span class='ocrx_word' id='word_1_388' title='bbox 292 4403 320 4460; x_wconf 86' lang='grc'><strong>4.</strong></span> <span class='ocrx_word' id='word_1_389' title='bbox 336 4400 371 4460; x_wconf 72' lang='grc' dir='ltr'><strong>τὰ</strong></span> <span class='ocrx_word' id='word_1_390' title='bbox 387 4409 453 4460; x_wconf 71' lang='grc' dir='ltr'><strong>θεῖα</strong></span> <span class='ocrx_word' id='word_1_391' title='bbox 469 4397 522 4456; x_wconf 69' lang='grc' dir='ltr'><strong>ταῖν</strong></span> <span class='ocrx_word' id='word_1_392' title='bbox 539 4398 729 4473; x_wconf 69' lang='grc' dir='ltr'><strong>ἅπηνημᾶτυν.</strong></span> <span class='ocrx_word' id='word_1_393' title='bbox 744 4423 780 4443; x_wconf 91' lang='lat'><strong>·-·</strong></span> <span class='ocrx_word' id='word_1_394' title='bbox 796 4393 958 4474; x_wconf 74' lang='grc' dir='ltr'><strong>ιίνθρυπὴΐα</strong></span> <span class='ocrx_word' id='word_1_395' title='bbox 973 4402 1138 4476; x_wconf 58' lang='grc' dir='ltr'><strong>πρήγματι·</strong></span> 
     </span>
     <span class='ocr_line' id='line_1_34' title="bbox 138 4484 1718 4568; baseline 0.001 -20"><span class='ocrx_word' id='word_1_396' title='bbox 138 4497 171 4564; x_wconf 80' lang='lat'><strong>⁸)</strong></span> <span class='ocrx_word' id='word_1_397' title='bbox 186 4497 229 4561; x_wconf 87' lang='lat'><strong>11,</strong></span> <span class='ocrx_word' id='word_1_398' title='bbox 242 4493 287 4552; x_wconf 72' lang='grc'><strong>45.</strong></span> <span class='ocrx_word' id='word_1_399' title='bbox 305 4497 365 4568; x_wconf 77' lang='lat' dir='ltr'><strong>napi</strong></span> <span class='ocrx_word' id='word_1_400' title='bbox 379 4501 429 4568; x_wconf 71' lang='lat' dir='ltr'><strong>pir</strong></span> <span class='ocrx_word' id='word_1_401' title='bbox 446 4489 546 4550; x_wconf 75' lang='grc' dir='ltr'><strong><em>τούτων</em></strong></span> <span class='ocrx_word' id='word_1_402' title='bbox 562 4489 679 4550; x_wconf 71' lang='grc' dir='ltr'><strong>τοσαῦτα</strong></span> <span class='ocrx_word' id='word_1_403' title='bbox 691 4485 755 4562; x_wconf 65' lang='lat' dir='ltr'><strong>ripis</strong></span> <span class='ocrx_word' id='word_1_404' title='bbox 770 4491 873 4546; x_wconf 72' lang='lat' dir='ltr'><strong>aduodes</strong></span> <span class='ocrx_word' id='word_1_405' title='bbox 891 4494 935 4548; x_wconf 78' lang='lat' dir='ltr'><strong>ani</strong></span> <span class='ocrx_word' id='word_1_406' title='bbox 951 4491 1023 4567; x_wconf 75' lang='grc' dir='ltr'><strong>παρὰ</strong></span> <span class='ocrx_word' id='word_1_407' title='bbox 1039 4487 1179 4550; x_wconf 57' lang='lat' dir='ltr'><strong>virdaria</strong></span> <span class='ocrx_word' id='word_1_408' title='bbox 1196 4495 1240 4548; x_wconf 72' lang='lat' dir='ltr'><strong>rui</strong></span> <span class='ocrx_word' id='word_1_409' title='bbox 1256 4490 1333 4566; x_wconf 67' lang='grc' dir='ltr'><strong>παρὰ</strong></span> <span class='ocrx_word' id='word_1_410' title='bbox 1347 4489 1402 4549; x_wconf 71' lang='lat' dir='ltr'><strong>uta</strong></span> <span class='ocrx_word' id='word_1_411' title='bbox 1417 4484 1509 4568; x_wconf 66' lang='grc' dir='ltr'><strong>ἦρᾶυ</strong></span> <span class='ocrx_word' id='word_1_412' title='bbox 1524 4487 1645 4566; x_wconf 52' lang='lat' dir='ltr'><strong>admirata</strong></span> <span class='ocrx_word' id='word_1_413' title='bbox 1666 4499 1718 4564; x_wconf 62' lang='lat' dir='ltr'><strong>riag-</strong></span> 
     </span>
     <span class='ocr_line' id='line_1_35' title="bbox 91 4579 1723 4659; baseline 0.002 -23"><span class='ocrx_word' id='word_1_414' title='bbox 91 4625 96 4636; x_wconf 68' lang='grc'>,</span> <span class='ocrx_word' id='word_1_415' title='bbox 138 4585 238 4659; x_wconf 78' lang='lat' dir='ltr'><strong>¹)1X,</strong></span> <span class='ocrx_word' id='word_1_416' title='bbox 254 4581 298 4640; x_wconf 70' lang='grc'><strong>65.</strong></span> <span class='ocrx_word' id='word_1_417' title='bbox 315 4588 396 4642; x_wconf 69' lang='lat' dir='ltr'><strong>doute</strong></span> <span class='ocrx_word' id='word_1_418' title='bbox 414 4587 453 4652; x_wconf 83' lang='lat' dir='ltr'><strong>tt,</strong></span> <span class='ocrx_word' id='word_1_419' title='bbox 476 4589 501 4638; x_wconf 79' lang='lat' dir='ltr'><strong>st</strong></span> <span class='ocrx_word' id='word_1_420' title='bbox 515 4605 543 4638; x_wconf 73' lang='lat' dir='ltr'><strong>aa</strong></span> <span class='ocrx_word' id='word_1_421' title='bbox 559 4586 621 4656; x_wconf 75' lang='lat' dir='ltr'><strong>trapi</strong></span> <span class='ocrx_word' id='word_1_422' title='bbox 635 4589 689 4638; x_wconf 76' lang='lat' dir='ltr'><strong>sair</strong></span> <span class='ocrx_word' id='word_1_423' title='bbox 711 4589 796 4638; x_wconf 70' lang='lat' dir='ltr'><strong>Ostur</strong></span> <span class='ocrx_word' id='word_1_424' title='bbox 819 4581 979 4654; x_wconf 69' lang='grc' dir='ltr'><strong>πρηγμᾶτυν</strong></span> <span class='ocrx_word' id='word_1_425' title='bbox 1002 4587 1105 4642; x_wconf 69' lang='grc' dir='ltr'><em>δοκέω</em></span> <span class='ocrx_word' id='word_1_426' title='bbox 1127 4587 1182 4652; x_wconf 77' lang='lat' dir='ltr'><strong>dai,</strong></span> <span class='ocrx_word' id='word_1_427' title='bbox 1204 4584 1223 4656; x_wconf 71' lang='grc' dir='ltr'><em>ἢ</em></span> <span class='ocrx_word' id='word_1_428' title='bbox 1245 4585 1313 4649; x_wconf 69' lang='grc' dir='ltr'><strong>θεὸς</strong></span> <span class='ocrx_word' id='word_1_429' title='bbox 1331 4579 1402 4656; x_wconf 68' lang='grc' dir='ltr'><strong>αὐτή</strong></span> <span class='ocrx_word' id='word_1_430' title='bbox 1426 4603 1510 4659; x_wconf 70' lang='grc' dir='ltr'><strong><em>σφεας</em></strong></span> <span class='ocrx_word' id='word_1_431' title='bbox 1534 4579 1587 4644; x_wconf 72' lang='grc' dir='ltr'><strong>οῧι</strong></span> <span class='ocrx_word' id='word_1_432' title='bbox 1606 4588 1723 4654; x_wconf 61' lang='lat' dir='ltr'><strong>Biana,</strong></span> 
     </span>
     <span class='ocr_line' id='line_1_36' title="bbox 170 4670 936 4754; baseline 0.003 -24"><span class='ocrx_word' id='word_1_433' title='bbox 170 4670 355 4750; x_wconf 61' lang='grc' dir='ltr'><strong>ἐμπρήσαντας</strong></span> <span class='ocrx_word' id='word_1_434' title='bbox 371 4675 405 4754; x_wconf 75' lang='lat' dir='ltr'><strong>ad</strong></span> <span class='ocrx_word' id='word_1_435' title='bbox 422 4673 483 4749; x_wconf 76' lang='lat' dir='ltr'><strong>ipdr</strong></span> <span class='ocrx_word' id='word_1_436' title='bbox 500 4685 552 4732; x_wconf 80' lang='lat' dir='ltr'><strong>cat.</strong></span> <span class='ocrx_word' id='word_1_437' title='bbox 569 4673 615 4730; x_wconf 82' lang='lat' dir='ltr'><strong>Ci.</strong></span> <span class='ocrx_word' id='word_1_438' title='bbox 631 4673 669 4746; x_wconf 80' lang='grc' dir='ltr'><strong>Π,</strong></span> <span class='ocrx_word' id='word_1_439' title='bbox 686 4671 737 4741; x_wconf 67' lang='grc'><strong>643</strong></span> <span class='ocrx_word' id='word_1_440' title='bbox 754 4675 777 4742; x_wconf 83' lang='lat'><strong>1,</strong></span> <span class='ocrx_word' id='word_1_441' title='bbox 794 4671 855 4731; x_wconf 82' lang='lat'><strong>1⁵8.</strong></span> <span class='ocrx_word' id='word_1_442' title='bbox 874 4673 936 4732; x_wconf 76' lang='lat'><strong>159.</strong></span> 
     </span>
    </p>
   </div>
   <div class='ocr_carea' id='block_1_3' title="bbox 0 0 2054 5292">
    <p class='ocr_par' dir='ltr' id='par_1_3' title="bbox 0 0 2054 5292">
     <span class='ocr_line' id='line_1_37' title="bbox 0 0 2054 5292; baseline 0 8"><span class='ocrx_word' id='word_1_443' title='bbox 0 0 2054 5292; x_wconf 95' lang='lat' dir='ltr'><strong> </strong></span> 
     </span>
    </p>
   </div>
  </div>
 </body>
</html>
