4100 5292
300 474 350 546 10

304 654 378 720 dem
401 653 518 736 grande
546 647 710 716 sedidem
739 659 846 712 tamen
876 643 1059 713 diuinarum
1086 599 1367 734 humanarumque<
1389 667 1498 712 rerum
1528 647 1740 735 spectaculum
1768 645 1921 734 praebent

305 771 479 835 minoribus
501 765 675 839 dumtaxat,
699 765 798 830 uteie
821 763 967 844 dixerim,
988 760 1135 844 ejusdem
1153 763 1304 845 imaginis
1330 765 1446 829 tabulis
1466 762 1647 852 propositis:

423 883 469 950 ,ln
491 881 581 949 bellis
602 880 697 962 igitur
718 876 911 944 Graecorum
934 889 1041 942 contra
1063 878 1175 946 Persas
1204 877 1415 945 describendis
1443 879 1476 945 id
1497 879 1702 966 potissimum
1724 886 1851 941 secutos
1870 888 1922 941 est

305 997 504 1078 Herodotus,
535 1008 570 1059 ut
589 995 665 1059 illos
685 994 750 1080 pio·
763 1015 800 1057 ar
823 994 1001 1062 uerecundo
1023 995 1132 1059 animo
1153 1016 1189 1060 ee
1215 1015 1337 1080 sueque
1364 995 1473 1058 omnia
1501 992 1563 1058 diis
1591 994 1793 1074 subjicientes
1823 1003 1919 1077 atque

306 1135 376 1179 eam
406 1115 507 1201 ipsam
534 1115 575 1175 ob
598 1092 743 1191 causdm,
770 1129 846 1172 rera
866 1109 1027 1197 praeditos
1039 1112 1167 1210 'virtute
1188 1130 1225 1173 ac
1247 1110 1447 1191 tortitudine,
1477 1129 1671 1196 quamquam
1693 1127 1827 1171 numero
1848 1109 1917 1193 opi-

202 1241 208 1248 “
304 1232 424 1315 busque
446 1231 541 1308 louge
561 1224 742 1306 interiores,
770 1224 909 1288 numinis
931 1222 1034 1288 divini
1061 1225 1183 1291 auxilio
1210 1227 1343 1290 feliciter
1370 1245 1530 1312 pugnasse
1558 1223 1737 1289 ostenderet
1765 1221 1918 1287 adversus

304 1348 450 1410 barbaros
469 1343 604 1430 impios,
634 1337 735 1405 divini
757 1339 952 1424 humanique
979 1340 1059 1420 juris
1079 1341 1323 1428 superbissimos
1351 1351 1583 1428 contemptores
1612 1334 1749 1425 ideoque
1770 1341 1811 1402 ab
1837 1338 1920 1424 ipsis

304 1459 364 1524 diis
386 1460 461 1525 odio
482 1457 619 1522 bebitoe.
659 1454 771 1541 quue
792 1473 941 1535 munere,
970 1455 1043 1518 licet
1063 1456 1216 1520 acerrimo
1242 1457 1363 1543 patriae
1392 1477 1502 1520 smore
1528 1457 1694 1534 incensus,
1720 1455 1765 1518 ite
1793 1439 1919 1520 londos

305 1585 363 1653 eet,
388 1587 423 1637 ut
444 1595 525 1660 quae
546 1571 679 1636 deorum
702 1591 763 1658 ope
788 1571 818 1650 ²)
840 1569 1024 1634 felicissimo
1035 1581 1163 1636 'eventu
1185 1583 1274 1652 gesta
1294 1572 1442 1636 omnium
1463 1569 1656 1637 Graecorum
1683 1568 1809 1632 animos
1830 1587 1920 1630 com-

303 1691 497 1770 movissent,
520 1688 591 1752 siue
611 1687 656 1750 ira
679 1699 710 1749 et
729 1683 835 1750 studio
857 1696 1027 1772 amotoque
1048 1687 1137 1750 omni
1158 1687 1295 1752 oratorio
1317 1689 1403 1752 cultu
1424 1687 1492 1752 sola
1513 1707 1620 1750 rerum
1640 1681 1874 1768 fideutrsderet.

429 1802 470 1867 Et
492 1801 627 1868 Graecos
650 1800 780 1888 quidem
801 1800 867 1864 leri
889 1820 925 1863 ac
946 1802 1077 1890 parabili
1099 1803 1184 1866 cultu
1206 1813 1372 1868 contentos
1385 1805 1419 1880 ²)
1450 1801 1507 1866 uni
1528 1797 1675 1864 videmos
1694 1799 1830 1864 libertati
1850 1816 1918 1866 set·

305 1915 428 1982 sandes
448 1919 635 2008 prospicere.
679 1917 755 1982 Sole
776 1916 908 1982 deorum
928 1916 1002 1979 ireti
1024 1915 1138 1980 {iducis
1160 1914 1193 2000 ⁸)
1214 1917 1367 1984 adversus
1387 1913 1535 1998 ingentes
1556 1916 1697 1980 hostium
1717 1917 1823 2002 copias
1842 1933 1919 1999 pro·

304 2033 493 2115 ficiscuntur,
515 2035 594 2099 deos
614 2043 647 2096 et
666 2044 741 2098 ante
760 2051 901 2123 pugnam
923 2029 1070 2118 precibus
1089 2033 1241 2098 invocant
1260 2031 1295 2118 ⁴)
1316 2043 1349 2097 et
1368 2031 1502 2098 victoria
1524 2042 1679 2118 reportata
1701 2041 1789 2112 grato
1810 2029 1919 2091 animo

304 2159 496 2214 uenerantur
520 2151 562 2229 ς>,-
591 2145 723 2210 deorum
745 2145 883 2233 denique
903 2149 1033 2226 iniuriae
1054 2169 1071 2210 a
1094 2147 1319 2214 scelestissimo
1344 2148 1438 2212 hoste
1465 2147 1570 2211 illatos
1592 2147 1682 2210 omni
1702 2145 1820 2211 sirium
1841 2163 1920 2207 cou-

304 2263 448 2326 tentioue
470 2273 622 2326 conantur
644 2263 752 2326 ulcisci
766 2257 810 2346 ⁶),
833 2273 974 2326 ceterum
995 2283 1070 2344 erga
1091 2265 1192 2328 uictos
1213 2265 1310 2328 etiam
1331 2252 1535 2331 moderatum
1556 2263 1809 2347 clementemque
1828 2279 1920 2348 pree·

305 2380 415 2442 beuter
438 2359 581 2446 animum
592 2377 840 2462 honestatisque
868 2375 904 2440 in
924 2376 993 2462 ipse
1013 2377 1060 2442 irs
1081 2388 1115 2442 et
1136 2379 1268 2444 victoria
1287 2377 1424 2444 studiosi
1448 2381 1493 2457 ⁷).
1535 2377 1644 2463 Atque
1664 2379 1797 2448 ob.hss
1816 2366 1920 2440 tentas

303 2503 432 2580 tamque
453 2495 595 2576 egregias
616 2492 748 2558 uirtutes
769 2485 897 2578 quoquo
918 2489 1015 2556 modo
1038 2512 1056 2556 a
1078 2489 1139 2556 diis
1158 2467 1674 2578 proteguntur,isdjnrantur,tiu
1693 2491 1798 2580 ipsein
1820 2494 1920 2557 ricto-

304 2605 385 2670 riem
407 2607 516 2673 divino
538 2593 676 2696 quodam
697 2596 818 2696 inipetu
834 2609 988 2672 feruntur.
1031 2605 1116 2671 Nam
1137 2609 1205 2694 qui
1227 2610 1406 2678 omnium
1428 2608 1921 2683 consiliorumauctores

306 2736 404 2787 erunt
431 2724 672 2789 hominibus
696 2726 728 2801 ⁸)
756 2745 828 2788 cum
848 2723 884 2786 in
905 2721 1090 2786 universum
1110 2721 1263 2786 victorine
1289 2745 1349 2809 spe
1367 2723 1548 2806 fiduciaque
1568 2723 1705 2804 implent
1726 2720 1921 2790 Graecorum

306 2836 441 2918 animos,
462 2847 532 2902 tunt
552 2839 685 2920 singulis
709 2838 906 2924 praesentiae
925 2857 1002 2902 suae
1023 2835 1226 2900 dommentls
1253 2833 1294 2900 ed
1314 2852 1454 2922 pugnam
1476 2853 1535 2896 eos
1555 2839 1739 2920 provocant.
1783 2831 1838 2896 Sic
1858 2835 1920 2915 igi-

305 2961 357 3016 tur
377 2971 451 3016 cum
473 2963 547 3018 ante
567 2955 724 3041 proelium
746 2953 785 3020 ed
807 2951 952 3036 Mycalen
971 2935 1181 3018 commissum
1209 2929 1306 3035 legati
1319 2947 1503 3015 Samiorum
1531 2945 1573 3012 ed
1594 2941 1827 3030 Leotychidem
1852 2945 1920 3014 La·

342 3149 370 3219 ²)
389 3147 498 3220 Quodsi
515 3149 579 3224 quis
596 3149 679 3217 dicat,
696 3151 783 3226 nimis
800 3151 892 3209 mults
912 3148 1091 3204 Herodotum
1107 3146 1143 3203 sd
1160 3149 1289 3205 numinis
1305 3147 1441 3205 snrilium
1459 3143 1595 3210 retulisse,
1614 3143 1640 3199 ei
1655 3143 1875 3218 respondemus,
1891 3145 1923 3201 in

271 3246 275 3254 '
377 3241 411 3295 iis
430 3241 544 3315 quidem
564 3241 715 3310 medendis,
733 3243 897 3318 quihus'uie
917 3239 965 3294 ille
982 3237 1078 3292 «livius
1094 3255 1124 3293 ee
1142 3236 1305 3307 ostenderit,
1323 3249 1351 3295 et
1366 3251 1461 3295 errare
1477 3237 1605 3311 potuisse
1622 3243 1650 3291 et
1665 3253 1773 3292 errasse
1788 3234 1863 3294 hsud
1879 3254 1925 3294 rt·

376 3347 411 3386 ro
430 3335 611 3404 scriptorem,
637 3333 683 3388 sed
707 3333 739 3387 in
763 3351 846 3387 senen
868 3333 931 3403 ipso
954 3327 1068 3402 pietatis
1092 3327 1214 3382 nimium
1235 3346 1295 3385 esse
1321 3345 1407 3400 posse
1422 3327 1577 3390 nemiuem.
1614 3327 1747 3384 Ceterum
1762 3343 1925 3400 porterum

374 3437 494 3494 prorsus
512 3434 544 3479 tc
560 3421 610 3477 vir
630 3421 773 3488 terendam
789 3439 849 3476 esee
866 3436 1009 3474 censemus
1027 3436 1128 3475 eornm
1144 3419 1330 3492 opinionem,
1354 3419 1405 3489 qni
1430 3433 1515 3472 omne
1531 3427 1558 3472 et
1573 3417 1680 3491 patriae
1702 3428 1729 3471 et
1744 3421 1815 3475 certi
1831 3423 1925 3494 errius·

377 3513 442 3564 dem
459 3509 551 3566 cultos
569 3511 658 3568 divini
675 3511 800 3570 studium
818 3509 976 3567 eruendum
993 3527 1053 3565 esse
1070 3509 1179 3565 ducunt
1194 3525 1292 3564 rerum
1310 3507 1507 3581 scriptoribus.
1543 3511 1621 3565 Bene
1643 3507 1678 3562 de
1702 3505 1757 3565 hse
1770 3527 1802 3564 re
1826 3510 1926 3584 dispu-

301 3593 305 3603 ’
377 3609 510 3657 tsveront
528 3599 737 3670 iirgewiech
756 3604 787 3658 in
804 3603 929 3672 bilior.
949 3601 1013 3659 unt
1033 3595 1402 3668 ttttcrtr.ttcttttrcs
1418 3597 1495 3672 pto
1512 3616 1575 3672 sqq.
1593 3608 1621 3654 et
1637 3597 1924 3673 Eridlioeppen

334 3701 339 3708 “
376 3694 406 3748 ln
436 3692 512 3749 libro
538 3691 767 3760 ingeniosissimo
790 3693 840 3766 qui
865 3692 1017 3763 inscriptus
1040 3700 1084 3746 est
1104 3691 1303 3749 tterttotsts
1327 3689 1454 3757 tbrtrts
1480 3687 1561 3748 lber
1582 3687 1708 3760 nider
1730 3691 1797 3748 unt
1822 3691 1926 3749 tltttt.

378 3783 442 3840 Vol.
458 3785 472 3839 i
489 3802 517 3856 p.
536 3779 591 3837 420
607 3799 671 3855 sqq.
696 3783 860 3840 Rectissime
877 3781 1031 3855 Aeschylus
1053 3783 1083 3838 in
1101 3780 1194 3837 l’ersis
1217 3800 1245 3836 v.
1262 3777 1318 3836 Μ
1334 3770 1397 3852 sqq.
1421 3777 1472 3835 nbi
1498 3779 1605 3836 cladem
1622 3782 1771 3837 Persarum
1793 3778 1929 3834 describit

378 3871 462 3934 Orode
485 3875 515 3928 dl
533 3893 575 3937 τις
596 3873 691 3944 iuquit
712 3875 744 3930 τὸ
769 3879 831 3948 spis
851 3875 966 3946 sepelies
988 3867 1128 3946 οὐδαμοῦ,
1149 3865 1211 3927 sdr⁸
1237 3870 1333 3940 edyssa
1354 3873 1461 3939 tersior,
1476 3877 1558 3940 quies
1580 3869 1697 3946 οὐρανόν
1718 3892 1749 3927 ss
1765 3873 1926 3942 sperastis·

378 3949 455 4022 Num
473 3962 559 4032 igitur
575 3964 610 4030 is,
629 3965 677 4040 qni
695 3964 765 4021 hsec
782 3967 934 4021 memoriae
951 3963 1057 4040 prodit,
1075 3961 1201 4019 funditus
1219 3971 1323 4020 evertet
1339 3980 1372 4018 er
1388 3964 1496 4032 animo,
1514 3963 1590 4037 quod
1609 3981 1709 4020 omnes
1725 3959 1893 4019 seuurnntt

345 4059 376 4122 ³)
393 4055 439 4120 rx,
456 4051 504 4110 82.
1037 4043 1041 4052 '

348 4147 375 4215 ⁸)
394 4146 473 4214 Vlll,
491 4139 542 4201 lid
558 4147 652 4202 θεοῖσί
665 4165 694 4202 rs
712 4147 878 4222 συμμάχοισι
895 4145 1003 4200 nlorsnl
1018 4163 1067 4216 pass
1083 4146 1198 4217 lsldspsss
1215 4139 1383 4219 temtum·
1400 4145 1446 4200 sel
1461 4151 1534 4202 setes
1549 4143 1634 4218 ripere
1651 4151 1704 4220 cet.

345 4239 375 4305 ⁴)
393 4237 439 4303 1x‚
456 4238 502 4295 61.
521 4235 565 4293 62.
581 4235 627 4292 90.
1569 4272 1571 4277 ,

349 4325 378 4396 Ι)
392 4327 454 4394 Vll,
472 4327 534 4386 192.

283 4413 287 4420 ·
349 4415 378 4481 ε)
396 4417 475 4480 vrrr,
494 4416 555 4477 tet
585 4435 596 4450 ·
853 4479 856 4484 ,

350 4507 378 4576 ¹)
396 4505 444 4571 lX,
461 4503 506 4562 78.
522 4507 566 4562 79.
583 4503 618 4562 sd
634 4511 725 4583 πρέπει
741 4501 845 4582 μᾶλλον
860 4503 1023 4580 βαρβιίροισι
1039 4510 1146 4574 ποιέειν,
1162 4489 1229 4577 sidero
1240 4497 1361 4572 'mttere

351 4595 377 4668 ⁸)
395 4597 415 4660 l,
434 4595 483 4656 713
503 4596 558 4661 ΠΙ,
571 4597 606 4652 2l
625 4599 797 4671 Aethiopum
813 4613 861 4652 res
879 4597 956 4668 jubet
973 4595 1130 4669 Cambysen
1146 4600 1239 4652 θεοῖσι
1254 4595 1350 4658 sldtm
1362 4585 1453 4666 χάριν,
1472 4592 1500 4648 ot
1515 4587 1564 4649 st·
1582 4589 1638 4644 lsi
1655 4585 1741 4672 σόος
1756 4591 1927 4686 splspsss

384 4686 530 4744 Αἰθιόπων
545 4689 623 4742 unsol
638 4693 688 4758 γῆν
706 4685 785 4758 ἄλλην
802 4681 988 4762 spoctrdsdus
1002 4683 1037 4762 τῇ
1055 4683 1165 4744 both.
