4100 5292
313 646 469 718 historiae
490 653 524 710 et
544 635 782 728 componendae
803 643 836 700 et
855 629 1035 699 tradendse'
1047 631 1219 714 rationem,
1248 643 1287 699 ut
1313 631 1347 700 in
1367 633 1408 702 iis
1431 656 1575 724 quoque,
1605 659 1689 726 quaa
1708 643 1778 722 iure
1799 625 1945 709 merito-¹

316 783 379 853 que
400 763 435 826 in
454 771 522 824 tota
544 760 602 822 hcc
623 751 789 839 disciplina
809 769 935 815 summa
958 747 1094 830 dixeris,
1115 748 1316 814 Herodotum
1336 753 1502 840 exemplar
1521 773 1747 840 agnoscamus,
1767 780 1833 848 nou
1854 781 1928 846 psu-

316 881 435 944 iactum
456 872 534 940 illud
559 869 689 958 quidam
709 865 922 950 omnibusque
943 863 1085 928 numeris
1105 865 1304 946 absolutum,
1324 865 1382 930 aad
1403 867 1490 954 quod
1510 871 1638 954 multis,
1660 875 1715 960 qui
1734 895 1827 960 supra
1848 875 1930 938 hanc

315 1013 422 1060 rerum
447 989 629 1056 mortalium
657 982 869 1049 humilitatam
899 963 1010 1074 sapere
1038 999 1105 1045 non
1132 977 1271 1062 audent,
1299 979 1341 1046 ad
1369 982 1483 1049 altiora
1510 1005 1547 1050 ac
1567 987 1727 1056 stabiliora
1748 1009 1857 1054 raram
1877 1009 1931 1053 ra-

318 1121 464 1194 ctamque
484 1105 571 1171 riam
593 1111 769 1166 monstrare
791 1095 903 1182 possit.
1020 1139 1032 1158 .-
1471 1183 1477 1200 x
1508 1102 1515 1116 ⁸

276 1303 282 1315 ,
442 1217 515 1288 Non
535 1219 569 1284 in
591 1217 660 1286 sola
679 1235 785 1280 rerum
806 1221 967 1294 gestarum
987 1205 1228 1274 enumeratione
1255 1229 1292 1274 ac
1313 1207 1525 1300 descriptione
1550 1218 1671 1282 versari
1691 1219 1806 1286 debera
1825 1220 1929 1286 histo-
1949 1199 1954 1206 ”

316 1339 396 1404 rilnr
418 1357 491 1401 cum
512 1353 608 1400 nemo
629 1329 722 1400 facile
742 1325 923 1405 initietur„
933 1325 1077 1412 plerique
1095 1335 1221 1405 tameo,
1242 1324 1330 1411 iique
1350 1329 1485 1392 minime
1505 1333 1675 1417 spernendi
1695 1337 1790 1417 hujus
1809 1337 1856 1401 rei
1875 1339 1928 1416 ju-

304 1453 412 1534 dices,
442 1450 519 1516 satia
539 1451 605 1530 iam
625 1429 738 1512 tectus
759 1441 820 1508 sibi
840 1439 989 1505 videntur
1009 1439 1161 1508 historiae
1181 1439 1346 1524 dignitati,
1376 1443 1405 1508 si
1424 1445 1459 1508 in
1477 1445 1556 1532 ipsis
1576 1448 1717 1534 primum
1737 1453 1831 1516 rebus
1851 1473 1929 1516 con·

316 1564 462 1652 gerendis
484 1563 625 1629 veritatis
645 1563 716 1644 lege
738 1567 884 1636 serrata,
913 1555 947 1622 in
970 1576 1080 1622 cauma
1101 1575 1229 1650 quoque
1249 1575 1359 1622 aarum
1380 1577 1423 1624 ax
1449 1559 1618 1626 hominum
1639 1566 1693 1628 rel
1713 1565 1852 1630 consiliis
1875 1567 1928 1630 ret

315 1679 499 1748 lihidinibus
520 1681 674 1768 prolectas
695 1671 847 1743 resume
868 1669 1104 1772 inquisiverunt
1123 1681 1217 1756 atque
1237 1692 1334 1758 quam
1355 1685 1508 1742 arentum
1533 1677 1699 1742 habuerint
1717 1699 1813 1764 quam
1834 1700 1928 1742 accu-

291 1797 472 1880 ,ratissime
492 1801 716 1882 exposuerunt.
760 1787 851 1854 Hanc
871 1807 943 1852 esse
964 1785 1207 1874 pragmaticam,
1236 1806 1334 1873 quum
1361 1788 1489 1870 dicunt,
1517 1791 1669 1860 historice
1688 1791 1927 1882 componendae

314 1911 473 1978 sanonum
493 1905 711 1993 aThucydide
731 1903 944 1992 potissimum,
968 1911 1079 1990 postea
1101 1904 1223 1982 maiore
1243 1924 1316 1968 cunr
1338 1903 1444 1970 studio
1464 1905 1628 1992 al’olybio
1648 1919 1682 1972 at
1702 1909 1812 1974 ceteris
1827 1922 1937 1996 paens·

317 2027 468 2092 omnibus
487 2043 595 2088 rernm
616 2020 818 2108 scriptoribus
839 2021 1167 2104 obseruatam'ueqne
1188 2017 1286 2084 etiem
1306 2021 1347 2083 ab
1357 2019 1522 2086 Herodoto
1543 2024 1728 2106 neglectam,
1749 2033 1869 2088 constat
1878 2023 1930 2086 in·

315 2155 365 2207 ter
381 2137 512 2221 omues,
541 2139 736 2223 longumque
750 2146 807 2211 ‚est
826 2136 888 2200 hoc
909 2137 980 2198 loco
1001 2132 1146 2220 pluribus
1167 2136 1324 2222 persequi.
1368 2133 1435 2203 Sed
1454 2137 1529 2203 licet
1549 2137 1675 2222 egregia
1700 2141 1801 2204 mults
1821 2137 1928 2228 eide-

315 2257 418 2322 beant
439 2267 534 2342 atque
556 2251 790 2318 nustrissusm
810 2247 1005 2339 temporibus
1035 2248 1148 2314 debent
1178 2250 1330 2316 historiae
1356 2250 1514 2334 studium,
1542 2251 1639 2341 idque
1660 2255 1768 2342 ipsum
1789 2257 1860 2320 sine
1888 2274 1929 2318 ea

315 2372 373 2438 rix
396 2369 526 2453 cogitari
546 2378 659 2454 queat,
684 2377 814 2445 tautum
833 2379 944 2429 tamea
965 2367 1055 2429 abest
1075 2375 1113 2426 nt
1132 2367 1201 2430 sola
1222 2385 1261 2429 ea
1282 2365 1482 2454 acquiescere
1501 2345 1679 2457 possimus,
1706 2382 1760 2451 ut,
1789 2369 1853 2436 nisi
1872 2369 1928 2457 pio

313 2487 410 2552 etiam
432 2483 541 2550 animo
564 2483 605 2550 ud
625 2479 721 2548 deum
743 2502 851 2548 rerum
877 2473 1029 2546 omnium
1044 2499 1154 2545 musas
1174 2482 1366 2564 relemmus,
1394 2503 1431 2548 re
1452 2484 1546 2548 ultius
1566 2496 1730 2574 perspecte
1750 2507 1792 2552 ne
1811 2485 1929 2555 lunda·
2041 2527 2045 2534 ·

312 2610 459 2667 ruentum
480 2581 612 2690 quidem
632 2597 762 2666 firmum
783 2593 986 2685 solidumque
1006 2595 1041 2661 iu
1063 2617 1127 2684 quo
1148 2593 1461 2666 insistamualrnbare
1483 2595 1663 2670 uideamur.
1703 2597 1833 2669 Etenim
1854 2621 1928 2666 cum

311 2715 459 2780 mortalia
481 2713 697 2800 omniailnxa
718 2713 838 2780 sintae
860 2713 994 2794 debilis,
1026 2711 1169 2796 nihilque
1197 2713 1238 2776 sit
1258 2714 1326 2777 tam
1347 2713 1478 2790 stabile,
1506 2711 1593 2798 quod
1622 2735 1689 2778 non
1718 2728 1839 2782 uranus
1860 2689 1928 2780 'stt-

312 2825 440 2916 qusndo
461 2837 601 2892 mutatus
622 2847 729 2892 rerum
750 2823 963 2901 humansrum
984 2822 1074 2906 ordo,
1096 2823 1177 2888 nihil
1196 2835 1263 2888 tam
1284 2825 1402 2889 clanim
1423 2831 1518 2909 atque
1537 2823 1720 2906 excelsum,
1753 2827 1839 2912 quod
1861 2848 1927 2892 non

311 2941 472 3010 obscurari
500 2941 704 3032 superatique
724 2939 825 3032 possit
845 2961 863 3004 a
885 2941 1058 3020 majoribus
1086 2951 1234 3028 posterae
1253 2940 1368 3007 sentis
1388 2939 1660 3022 contentionibus,
1686 2940 1717 3004 si
1737 2941 1820 3006 nihil
1838 2939 1928 3006 aliud

266 3060 273 3070 '
312 3071 398 3126 asset
422 3059 555 3125 historia
582 3057 645 3124 nisi
664 3059 779 3124 harum
800 3033 906 3122 rerum
935 3057 1141 3146 quantumvis
1160 3059 1287 3144 egregia
1317 3054 1503 3146 descriptio,
1529 3055 1618 3124 hand
1642 3057 1744 3124 multo
1772 3060 1928 3140 majorem

310 3197 355 3240 ex
375 3196 413 3240 ee
437 3195 621 3264 caperemus
641 3177 788 3256 fructum,
811 3193 907 3258 qnam
928 3192 948 3236 e
968 3171 1076 3236 fabula
1097 3171 1236 3255 quadem
1256 3173 1431 3262 percipiunt
1446 3173 1606 3252 homines,
1626 3175 1689 3241 sut
1707 3173 1835 3241 insertis
1855 3172 1929 3260 qui-

310 3289 447 3352 busdam
468 3291 554 3373 vitae
575 3291 658 3352 bene
679 3287 835 3370 gerendae
856 3285 1043 3372 praeceptis,
1063 3293 1172 3344 teman
1193 3286 1317 3386 volucri
1344 3297 1469 3350 tautum
1493 3290 1650 3373 brevique
1676 3290 1834 3374 periturae
1854 3308 1929 3374 spa-

314 3399 464 3464 ctantinm
486 3397 690 3462 oblectationi
709 3400 836 3484 scripta.
880 3391 946 3458 Sed
968 3407 1003 3458 ut
1031 3394 1066 3458 io
1095 3394 1218 3483 private
1239 3395 1437 3477 singulorum
1466 3394 1533 3460 sita
1559 3399 1660 3460 mults
1686 3401 1837 3484 probant,
1863 3417 1929 3460 non

314 3533 408 3592 casu,
440 3510 497 3576 sed
519 3509 572 3576 dei
593 3507 725 3575 nurnine
746 3531 782 3574 ac
803 3506 1003 3596 providentia
1023 3529 1076 3574 res
1096 3519 1220 3576 nostras
1239 3500 1324 3593 regi,
1345 3507 1536 3606 unde—apud
1557 3519 1680 3576 veteres
1699 3510 1803 3606 genii,
1831 3534 1929 3602 quem

313 3652 370 3720 par
390 3629 550 3712 integrum
571 3625 657 3691 ritae
679 3625 844 3691 decursum
867 3621 1010 3689 hominis
1040 3626 1136 3711 quasi
1165 3626 1316 3690 comitem
1345 3647 1381 3690 ac
1401 3637 1541 3690 tutorem
1567 3643 1639 3692 esse
1659 3629 1829 3712 putabant,
1858 3641 1929 3705 orta

314 3765 388 3815 esse
407 3743 533 3812 videtur
554 3741 655 3821 notio,
675 3741 720 3806 ita
740 3743 774 3806 iu
796 3739 898 3812 totius
918 3736 1015 3804 etiam
1037 3739 1160 3821 generis
1182 3741 1313 3806 humani
1334 3743 1441 3821 rebus,
1461 3741 1642 3828 quicunque
1662 3741 1703 3808 ad
1724 3762 1763 3805 ea
1782 3743 1928 3810 animmn

313 3859 478 3927 intendere
499 3857 596 3942 volet,
627 3855 800 3922 clarissima
821 3855 963 3920 numinis
983 3855 1070 3920 illius
1092 3853 1280 3921 documento
1301 3877 1358 3947 per
1377 3855 1500 3922 medias
1515 3855 1691 3920 lrominm
1712 3860 1929 3926 contentiones

315 3973 476 4065 dispiciat3
498 3985 592 4061 etqua
613 3974 695 4036 hanc
716 3990 842 4060 quoque
863 3971 930 4038 sim
953 3969 1124 4057 antiquitus
1144 3971 1272 4034 animae
1292 3971 1456 4054 cujusdem
1475 3991 1548 4036 esse
1569 3971 1700 4040 credidit
1717 3968 1847 4041 divinae
1865 3978 1930 4040 late

315 4111 372 4180 per
392 4101 497 4155 totum
517 4091 601 4152 huuc
621 4085 778 4152 mundum
800 4077 942 4152 diffusae.
987 4083 1100 4172 Neque
1119 4097 1227 4150 tamen
1257 4089 1395 4152 multum
1425 4085 1588 4175 prodesset
1615 4089 1694 4152 haec
1720 4091 1857 4172 cognitio
1886 4086 1930 4150 ad

316 4207 428 4270 rerem
448 4207 484 4272 in
505 4195 610 4270 studio
631 4201 782 4267 historiae
801 4200 890 4269 riam
915 4198 1160 4277 inveniendam,
1193 4201 1257 4268 nisi
1283 4204 1445 4270 accederet
1470 4200 1510 4267 ad
1536 4221 1609 4266 eam
1639 4201 1772 4268 adsidua
1797 4201 1929 4268 rationis

319 4339 401 4407 quae
420 4320 503 4385 inter
521 4323 677 4384 humanas
699 4317 888 4406 divinasque
910 4337 1016 4383 rerum
1037 4336 1147 4382 cenem
1166 4317 1334 4382 intercedit
1355 4317 1590 4404 contemplatio,
1611 4336 1712 4403 suque
1733 4337 1753 4378 e
1773 4316 1842 4379 sola
1857 4318 1929 4382 ani-

280 4441 285 4448 “
317 4435 366 4500 mi
384 4435 504 4524 pietate
524 4433 740 4525 proficiscitur,
763 4437 839 4523 q'nin
861 4435 965 4523 ipsam
986 4444 1069 4498 recte
1086 4433 1239 4522 pietatem
1261 4432 1391 4500 dixeris.
1433 4433 1581 4520 Namque
1600 4441 1638 4493 nt
1659 4427 1739 4491 nihil
1750 4449 1848 4518 prope
1869 4452 1929 4497 ra·

319 4551 366 4616 lat
385 4551 426 4616 ad
448 4571 555 4616 mores
576 4562 706 4618 nostros
726 4548 882 4634 regendos
905 4549 1068 4636 vitamque
1090 4561 1173 4614 recta
1194 4548 1420 4615 instituendam
1441 4551 1513 4640 pius
1543 4541 1675 4632 quidam
1696 4543 1796 4610 anirui
1816 4565 1929 4613 uncos

323 4678 455 4751 cogente
477 4667 567 4755 quasi
588 4665 733 4751 grauiora
754 4667 860 4753 aliquo
881 4643 1010 4732 casuet
1030 4675 1118 4734 ortus
1146 4677 1276 4753 repente
1305 4676 1339 4732 et
1368 4687 1442 4732 curn
1469 4664 1539 4750 ipsa
1559 4659 1645 4724 illius
1672 4659 1831 4726 memoris
1850 4679 1930 4724 ers-
