4100 5292
319 479 347 558 4

322 689 408 750 mus,
429 661 492 732 uisi
513 659 599 752 quod
621 661 661 730 ad
680 661 902 752 imperium
922 659 1002 729 illud
1024 659 1231 746 divinam,
1259 669 1379 748 cujus
1397 665 1713 734 fundamentum
1734 687 1827 734 essa
1846 675 1936 732 crea

326 785 461 850 dimus
483 778 688 846 Christum
718 779 785 845 dei
815 777 976 861 silium,
1004 778 1199 844 firmandum
1219 781 1378 870 latiusque
1407 783 1645 872 propagandum
1666 785 1781 850 valeat
1824 780 1936 868 Itaque

307 903 365 980 ,ab
386 918 426 962 eo
446 897 553 960 omnia
575 897 670 978 louge
699 904 821 960 remote
850 913 923 959 assa
952 914 1121 962 censemus
1150 916 1234 981 quae
1259 917 1282 962 e
1307 899 1443 986 pcccatis
1469 901 1741 987 pravitatibusque
1768 897 1937 962 bominum

323 1013 577 1102 proficiscuntur,
605 1031 707 1102 euque
728 1012 797 1074 sola
818 1007 962 1074 animum
983 1021 1129 1110 nostrum
1150 1013 1234 1077 subit
1254 1011 1457 1095 tristitia,
1486 983 1583 1100 quem
1604 1037 1648 1081 ex
1667 1017 1728 1080 boc
1749 1015 1821 1100 ipso
1842 1011 1937 1076 disci·

325 1129 379 1206 dio
400 1125 614 1215 concipimus3
633 1123 691 1190 sed
711 1123 855 1188 maximo
875 1125 1141 1213 sanctissimoque
1161 1127 1332 1216 implemur
1351 1128 1506 1211 gaudio
1527 1152 1599 1195 cum
1620 1143 1823 1220 reputamus,
1850 1129 1937 1192 mui-
2006 1210 2014 1219 ι

322 1257 392 1310 tum
412 1247 477 1326 jem
498 1237 669 1329 proiecisse
689 1237 837 1326 spiritum
857 1239 952 1304 illum
974 1242 1100 1323 generis
1118 1241 1252 1309 humani
1271 1243 1483 1328 liberatorem,
1504 1245 1602 1312 simui
1623 1245 1733 1313 confisi
1747 1243 1937 1332 penitusque

242 1395 243 1404 ι
323 1359 432 1425 animo
453 1357 587 1423 infixam
607 1373 700 1440 apem
718 1357 852 1444 ¹aientes,
874 1377 1040 1442 nunquam
1061 1376 1135 1438 cum
1155 1377 1260 1444 neqm
1281 1379 1406 1425 cesama
1423 1381 1528 1447 neque
1549 1361 1683 1450 reprimi
1703 1381 1815 1448 posse,
1834 1357 1936 1423 douae
2044 1364 2046 1391 ÷

322 1473 469 1540 homiues
492 1473 604 1533 omue's
625 1489 718 1534 raros
739 1469 824 1536 orbis
850 1481 1004 1536 terrarum
1026 1469 1174 1538 dominos
1200 1470 1376 1538 reddiderit
1401 1486 1436 1541 at
1466 1475 1507 1542 ad
1533 1474 1588 1542 dei
1607 1476 1798 1540 sanctissimi
1818 1473 1937 1540 simili·

320 1591 464 1658 tudinem
486 1581 639 1650 erexerit.
684 1583 780 1667 Quae
800 1607 874 1652 cum
893 1588 937 1652 ita
959 1585 1040 1682 aiut,
1074 1597 1107 1650 et
1127 1588 1228 1654 sitam
1249 1609 1380 1655 omnem
1402 1601 1434 1655 at
1455 1592 1580 1659 litteras
1599 1602 1748 1678 erresque
1768 1613 1808 1656 eo
1829 1589 1935 1677 potis·

322 1709 441 1772 simum
459 1697 589 1770 tendere
611 1699 726 1766 debere
746 1700 962 1783 intelligimus,
985 1711 1021 1766 ut
1042 1701 1083 1768 ad
1103 1703 1201 1769 istum
1221 1704 1336 1788 ιιιιιιιι,
1365 1705 1420 1792 qui
1439 1727 1586 1772 summus
1605 1707 1698 1776 uobis
1719 1718 1769 1772 est
1788 1705 1938 1793 proposi-

276 1862 283 1876 ι
321 1834 383 1901 ιιι,
404 1815 639 1906 perveniemus,
660 1828 756 1902 atque
777 1813 928 1881 historiae
948 1815 982 1883 id
1004 1816 1147 1884 maxima
1165 1819 1347 1901 injunctum
1369 1840 1441 1886 esse
1462 1823 1613 1906 officium,
1636 1819 1769 1911 utquid
1795 1819 1938 1890 offecerit

279 1929 282 1935 ’
322 1934 441 2024 quidve
462 1932 612 2020 profuerit
632 1931 706 1995 huic
726 1930 833 2011 studio
855 1933 1090 1998 accuratissime
1110 1945 1261 2024 exponat.

446 2047 584 2112 Num⁰
554 2045 650 2129 igitur
669 2045 815 2132 antiquos
836 2048 917 2112 nihii
938 2049 1023 2129 reri,
1053 2049 1137 2114 nibil
1157 2049 1345 2132 magniaco
1365 2050 1399 2116 in
1419 2051 1486 2116 rita
1515 2074 1574 2118 nec
1602 2053 1638 2118 in
1667 2055 1785 2118 artibus
1805 2052 1935 2116 litteris·

323 2183 389 2250 que
407 2173 569 2227 essecutus
589 2181 661 2227 essa
681 2160 848 2228 dicemus?
880 2161 1020 2230 Nullane
1040 2185 1098 2232 coa
1117 2163 1247 2252 spiritus
1275 2164 1377 2232 divini
1399 2189 1475 2232 aura
1502 2168 1650 2234 afflavit?
1677 2167 1807 2235 Nihilne
1836 2170 1936 2236 etiam

321 2281 357 2344 io
378 2275 595 2366 cumponenda
618 2298 723 2341 rarum
744 2286 903 2359 gestarum
924 2281 1080 2346 memorie
1102 2279 1209 2345 addai
1230 2299 1350 2346 numen
1370 2283 1566 2370 respiciunt?
1593 2281 1738 2350 Naristi
1758 2285 1938 2349 vehemen-

321 2405 371 2459 ter
391 2403 507 2475 errent,
538 2391 592 2479 qui
613 2391 710 2456 tum
699 2392 832 2478 smpiem
853 2413 924 2458 csse
945 2393 1134 2462 arbitrentur
1153 2396 1391 2484 antiquitatem,
1424 2409 1463 2462 ut
1484 2393 1524 2462 ab
1545 2403 1614 2480 ejus
1636 2400 1727 2486 quasi
1747 2398 1937 2482 contagione
1996 2380 2009 2406 ³

321 2509 474 2576 arcendos
494 2529 566 2574 esre
586 2517 697 2595 putent
711 2505 913 2574 Christianos
934 2508 1094 2592 hemines,
1117 2521 1212 2624 atqua
1231 2511 1318 2579 haud
1329 2514 1405 2618 acio
1428 2532 1469 2577 an
1491 2513 1594 2598 magis
1613 2515 1713 2580 etiam
1733 2513 1937 2602 vituperandi

323 2627 387 2690 sint
408 2645 505 2712 quam
525 2622 567 2706 ii,
600 2624 656 2710 qui
676 2621 874 2710 antiquitatis
895 2621 1001 2688 studio
1030 2604 1103 2713 plus
1131 2645 1234 2716 aequo
1254 2629 1397 2717 occupati
1425 2650 1462 2694 ac
1481 2626 1651 2696 dulcedine
1671 2635 1741 2712 eiua
1762 2631 1876 2696 irretiti
1896 2627 1938 2692 ad

312 2737 536 2802 ‚chunonem
556 2737 655 2802 iidem
676 2741 839 2822 vitamque
859 2738 966 2802 miuus
986 2740 1147 2822 applicant
1174 2741 1335 2818 animum,
1365 2741 1543 2806 verendum
1570 2745 1660 2802 enim
1690 2757 1758 2818 est,
1788 2765 1831 2807 ιιι
1857 2745 1940 2806 recti

322 2851 455 2939 rarique
475 2871 570 2917 sensu
591 2851 685 2938 piene
706 2849 847 2916 destituti
868 2871 985 2916 ranam
1007 2844 1198 2936 quandam
1186 2849 1379 2932 imaginem,
1401 2869 1468 2913 nou
1488 2867 1600 2914 reram
1619 2847 1721 2913 divini
1741 2849 1801 2914 tilii
1821 2851 1938 2913 sedem

236 3023 240 3040 .
322 2969 514 3036 intueantur.
559 2963 672 3048 Quid?
699 2965 847 3032 aoiuruue
866 2963 979 3030 florem
999 2967 1197 3051 fructumque
1222 2964 1299 3032 iude
1319 2975 1452 3030 enatum
1479 2965 1584 3029 almae
1602 2976 1704 3030 terrae
1725 2965 1820 3029 matri
1841 2963 1939 3046 origi·

324 3103 401 3148 uem
422 3081 537 3148 debere
556 3072 722 3164 credimus,
751 3082 855 3168 ipsam
878 3084 1023 3146 arborem
1044 3099 1206 3146 ramorum
1226 3080 1442 3167 foliorumque
1470 3077 1646 3145 laetissimo
1677 3091 1790 3144 ornatu
1812 3077 1940 3168 praedi·

325 3311 442 3392 gimus,
462 3311 507 3373 ite
530 3311 709 3374 institutum
730 3313 830 3376 fuisse
852 3331 870 3374 a
893 3310 954 3375 deo
976 3311 1228 3397 sapientissimo,
1249 3322 1286 3374 ιιι
1304 3321 1447 3396 tempora
1467 3330 1526 3375 aua
1546 3312 1744 3396 opperiretur
1761 3309 1800 3392 is,
1821 3313 1877 3399 qui
1898 3309 1941 3376 ad

325 3423 516 3489 eliciendum
537 3423 628 3486 ilium
649 3424 774 3504 generis
795 3425 929 3488 humaui
955 3425 1099 3489 florem
1087 3447 1121 3490 ιιι
1141 3427 1224 3525 banc
1255 3425 1419 3492 descendit
1437 3422 1578 3490 temam?
1606 3420 1694 3505 Quid
1719 3445 1794 3506 ergo
1823 3446 1941 3513 exspa-
2034 3407 2039 3414 ¹

327 3548 442 3604 mosset
461 3535 523 3600 nisi
544 3539 624 3602 bene
646 3547 878 3626 praeparatum
893 3550 1004 3624 pectus
1025 3541 1173 3629 uiresque
1194 3541 1235 3606 ad
1255 3540 1472 3628 recipiendam
1499 3539 1676 3627 pleniorem
1695 3560 1867 3628 veramque
1887 3543 1941 3606 vi-

325 3667 393 3718 tam
413 3647 572 3718 idoneas?
598 3651 657 3718 Est
685 3652 803 3737 igitur,
831 3654 920 3718 ιιι
908 3677 944 3717 ιιι
971 3655 1040 3742 ipsa
1068 3677 1166 3744 quam
1187 3666 1395 3724 contemnunt
1420 3653 1605 3740 antiquitate
1634 3653 1765 3720 diuinus
1784 3655 1841 3721 ilia
1868 3657 1941 3720 ani·

326 3787 401 3832 mua
425 3765 473 3852 ¹),
503 3765 558 3852 qui
580 3766 750 3855 depressus
771 3766 901 3854 quidam
923 3781 956 3833 et
975 3775 994 3834 a
1015 3772 1150 3858 peccatis
1170 3745 1390 3859 erroribusque
1417 3769 1588 3836 bominum
1618 3769 1710 3855 quasi
1730 3770 1764 3834 in
1793 3771 1941 3836 infimum

327 3883 492 3949 demersus
520 3892 652 3946 naturae
682 3883 842 3948 humanae
870 3903 1050 3967 recessum,
1077 3885 1147 3952 rim
1174 3897 1284 3952 tamen
1311 3885 1550 3952 emeritanam
1579 3885 1775 3972 augurioque
1801 3885 1943 3972 quodam

327 3997 476 4087 quemvis
495 3997 628 4062 obscuro
650 3997 798 4063 beatioris
821 4001 894 4064 aeri
922 3971 1027 4065 ortum
1048 4001 1216 4068 ominatur.
1262 3997 1388 4068 l'ouuc
1414 4011 1448 4065 et
1475 3997 1603 4087 despice
1631 3999 1811 4083 Socratem,
1832 3999 1943 4068 Plato-

281 4099 296 4120 ‘
328 4133 404 4178 uem
426 4101 609 4200 ceterosque
630 4109 684 4176 dci
703 4113 792 4179 iliius
814 4125 925 4196 rates,
952 4136 1068 4204 sperne
1088 4115 1243 4184 Herodoti
1269 4116 1305 4183 iu
1327 4113 1542 4199 consignanda
1562 4135 1671 4184 renam
1691 4126 1851 4198 gestarum
1870 4135 1944 4176 me·
2044 4146 2045 4153 ι

327 4229 430 4293 moria
449 4227 622 4316 pietatemq
651 4229 680 4292 ei
700 4227 781 4293 nihii
802 4227 899 4311 eliud,
921 4233 1068 4296 arborem
1087 4231 1194 4312 itiam,
1215 4242 1253 4296 ut
1271 4232 1308 4296 in
1327 4230 1444 4298 eodem
1465 4231 1566 4298 ιιιιιίιι
1579 4229 1770 4317 persistam,
1790 4228 1943 4294 foliorum

328 4342 388 4405 tibi
408 4343 490 4407 cuitu
512 4343 673 4410 orbarcris
695 4344 822 4432 ipsique
841 4345 938 4410 floras
966 4365 1002 4409 ac
1029 4347 1149 4412 iructua·
1167 4347 1276 4410 miuus
1297 4357 1421 4428 gratum
1449 4347 1636 4432 laetumque
1663 4345 1723 4408 tibi
1748 4343 1944 4429 praebebunt

330 4453 524 4542 adspectum.
551 4493 596 4510 -
621 4455 687 4524 Sed
709 4479 872 4546 uunquam
892 4481 970 4526 seue
991 4459 1070 4528 ioiia
1088 4462 1123 4526 iu
1151 4459 1240 4550 ipsos
1258 4459 1354 4528 flores
1373 4463 1556 4550 fructusque
1576 4458 1779 4527 ιιιιιιιιιιιιιὶ
1798 4471 1943 4543 possunt,

368 4620 396 4694 ι)
420 4621 494 4682 Act.
514 4621 557 4688 17,
574 4601 620 4681 2d.
632 4625 680 4681 ’Er
697 4623 768 4698 uiri
787 4625 840 4700 yde
863 4623 947 4701 ζιῖμιι
963 4629 1009 4686 sul
1026 4624 1175 4706 surrupta&
1190 4631 1239 4686 aad
1253 4632 1346 4702 ape·
1371 4623 1407 4696 air
1423 4633 1473 4688 sai
1484 4647 1554 4693 strar
1573 4631 1629 4684 teir
1645 4625 1717 4693 καθ’,
1739 4618 1812 4700 ὖμὸι
1827 4629 1945 4706 ιιιιιιιιῖι

265 4755 268 4766 ,
399 4709 532 4787 εἰρήκασι·
551 4719 609 4772 Τοῦ
623 4711 675 4790 ydp
692 4721 737 4772 sut
753 4723 828 4787 ytres
845 4723 930 4790 torres,
