<?xml version="1.0" encoding="UTF-8"?>
<!DOCTYPE html PUBLIC "-//W3C//DTD XHTML 1.0 Transitional//EN"
    "http://www.w3.org/TR/xhtml1/DTD/xhtml1-transitional.dtd">
<html xmlns="http://www.w3.org/1999/xhtml" xml:lang="en" lang="en">
 <head>
  <title>
</title>
<meta http-equiv="Content-Type" content="text/html;charset=utf-8" />
  <meta name='ocr-system' content='tesseract 3.04.00' />
  <meta name='ocr-capabilities' content='ocr_page ocr_carea ocr_par ocr_line ocrx_word'/>
</head>
<body>
  <div class='ocr_page' id='page_1' title='image "./detheiiherodote00boetgoog_0005.png"; bbox 0 0 4100 5292; ppageno 0'>
   <div class='ocr_carea' id='block_1_1' title="bbox 890 1406 978 1526">
    <p class='ocr_par' dir='ltr' id='par_1_1' title="bbox 890 1406 978 1526">
     <span class='ocr_line' id='line_1_1' title="bbox 890 1406 978 1526; baseline 0 0"><span class='ocrx_word' id='word_1_1' title='bbox 890 1406 978 1526; x_wconf 79' lang='lat' dir='ltr'>nn</span> 
     </span>
    </p>
   </div>
   <div class='ocr_carea' id='block_1_2' title="bbox 537 1631 1329 1749">
    <p class='ocr_par' dir='ltr' id='par_1_2' title="bbox 537 1631 1329 1749">
     <span class='ocr_line' id='line_1_2' title="bbox 537 1631 1329 1749; baseline -0.006 -1"><span class='ocrx_word' id='word_1_2' title='bbox 537 1649 744 1748; x_wconf 84' lang='grc' dir='ltr'>ΘΕΙΩΙ</span> <span class='ocrx_word' id='word_1_3' title='bbox 794 1631 1329 1749; x_wconf 89' lang='lat' dir='ltr'>HERODOTEO</span> 
     </span>
    </p>
   </div>
   <div class='ocr_carea' id='block_1_3' title="bbox 787 1846 973 1908">
    <p class='ocr_par' dir='ltr' id='par_1_3' title="bbox 787 1846 973 1908">
     <span class='ocr_line' id='line_1_3' title="bbox 787 1846 973 1908; baseline -0.011 0"><span class='ocrx_word' id='word_1_4' title='bbox 787 1846 791 1855; x_wconf 90' lang='lat'>&#39;</span> <span class='ocrx_word' id='word_1_5' title='bbox 887 1861 973 1908; x_wconf 80' lang='lat' dir='ltr'>srvn</span> 
     </span>
    </p>
   </div>
   <div class='ocr_carea' id='block_1_4' title="bbox 194 1996 1661 2100">
    <p class='ocr_par' dir='ltr' id='par_1_4' title="bbox 194 1996 1661 2100">
     <span class='ocr_line' id='line_1_4' title="bbox 194 1996 1661 2100; baseline -0.001 -28"><span class='ocrx_word' id='word_1_6' title='bbox 194 2003 252 2074; x_wconf 86' lang='lat' dir='ltr'>DE</span> <span class='ocrx_word' id='word_1_7' title='bbox 281 2001 513 2076; x_wconf 77' lang='lat' dir='ltr'>HERODOl&#39;l</span> <span class='ocrx_word' id='word_1_8' title='bbox 547 2001 595 2072; x_wconf 85' lang='lat' dir='ltr'>IN</span> <span class='ocrx_word' id='word_1_9' title='bbox 612 2001 935 2100; x_wconf 74' lang='lat' dir='ltr'>-oottcottuttms</span> <span class='ocrx_word' id='word_1_10' title='bbox 962 1997 1117 2080; x_wconf 72' lang='lat' dir='ltr'>RERUM</span> <span class='ocrx_word' id='word_1_11' title='bbox 1146 1997 1436 2070; x_wconf 71' lang='lat' dir='ltr'>moltonnum</span> <span class='ocrx_word' id='word_1_12' title='bbox 1462 1996 1661 2070; x_wconf 73' lang='lat' dir='ltr'><strong>PIETATE.</strong></span> 
     </span>
    </p>
   </div>
   <div class='ocr_carea' id='block_1_5' title="bbox 36 2303 1901 4315">
    <p class='ocr_par' dir='ltr' id='par_1_5' title="bbox 124 2303 1833 3298">
     <span class='ocr_line' id='line_1_5' title="bbox 125 2303 1736 2496; baseline 0.004 -28"><span class='ocrx_word' id='word_1_13' title='bbox 125 2303 241 2469; x_wconf 80' lang='lat' dir='ltr'>Cum</span> <span class='ocrx_word' id='word_1_14' title='bbox 263 2405 304 2472; x_wconf 87' lang='lat' dir='ltr'>de</span> <span class='ocrx_word' id='word_1_15' title='bbox 325 2409 390 2474; x_wconf 83' lang='lat' dir='ltr'>rite</span> <span class='ocrx_word' id='word_1_16' title='bbox 412 2423 444 2476; x_wconf 89' lang='lat' dir='ltr'>et</span> <span class='ocrx_word' id='word_1_17' title='bbox 464 2409 552 2477; x_wconf 89' lang='lat' dir='ltr'>libris</span> <span class='ocrx_word' id='word_1_18' title='bbox 573 2407 730 2484; x_wconf 78' lang='lat' dir='ltr'>Herodoti</span> <span class='ocrx_word' id='word_1_19' title='bbox 750 2411 882 2496; x_wconf 83' lang='lat' dir='ltr'>ejusque</span> <span class='ocrx_word' id='word_1_20' title='bbox 909 2403 942 2470; x_wconf 93' lang='lat' dir='ltr'>in</span> <span class='ocrx_word' id='word_1_21' title='bbox 964 2381 1188 2472; x_wconf 81' lang='lat' dir='ltr'>conscribenda</span> <span class='ocrx_word' id='word_1_22' title='bbox 1209 2406 1341 2472; x_wconf 84' lang='lat' dir='ltr'>historie</span> <span class='ocrx_word' id='word_1_23' title='bbox 1362 2413 1429 2486; x_wconf 77' lang='lat' dir='ltr'>erte</span> <span class='ocrx_word' id='word_1_24' title='bbox 1454 2407 1530 2473; x_wconf 84' lang='lat' dir='ltr'>sotis</span> <span class='ocrx_word' id='word_1_25' title='bbox 1551 2408 1654 2472; x_wconf 76' lang='lat' dir='ltr'>mults</span> <span class='ocrx_word' id='word_1_26' title='bbox 1675 2403 1736 2474; x_wconf 76' lang='lat' dir='ltr'>riri</span> 
     </span>
     <span class='ocr_line' id='line_1_6' title="bbox 126 2519 1833 2612; baseline 0.004 -28"><span class='ocrx_word' id='word_1_27' title='bbox 126 2519 302 2585; x_wconf 70' lang='lat' dir='ltr'>doctissimi</span> <span class='ocrx_word' id='word_1_28' title='bbox 322 2523 356 2586; x_wconf 93' lang='lat' dir='ltr'>in</span> <span class='ocrx_word' id='word_1_29' title='bbox 378 2525 521 2590; x_wconf 86' lang='lat' dir='ltr'>medium</span> <span class='ocrx_word' id='word_1_30' title='bbox 543 2527 749 2612; x_wconf 75' lang='lat' dir='ltr'>protulerint,</span> <span class='ocrx_word' id='word_1_31' title='bbox 771 2523 811 2588; x_wconf 91' lang='lat' dir='ltr'>de</span> <span class='ocrx_word' id='word_1_32' title='bbox 833 2523 952 2608; x_wconf 83' lang='lat' dir='ltr'>pietate</span> <span class='ocrx_word' id='word_1_33' title='bbox 973 2525 1053 2604; x_wconf 89' lang='lat' dir='ltr'>ejus,</span> <span class='ocrx_word' id='word_1_34' title='bbox 1075 2519 1145 2588; x_wconf 75' lang='lat' dir='ltr'>sies</span> <span class='ocrx_word' id='word_1_35' title='bbox 1162 2543 1285 2586; x_wconf 87' lang='lat' dir='ltr'>merem</span> <span class='ocrx_word' id='word_1_36' title='bbox 1307 2543 1380 2586; x_wconf 83' lang='lat' dir='ltr'>eum</span> <span class='ocrx_word' id='word_1_37' title='bbox 1399 2521 1655 2610; x_wconf 83' lang='lat' dir='ltr'>superstitionem</span> <span class='ocrx_word' id='word_1_38' title='bbox 1665 2546 1738 2590; x_wconf 88' lang='lat' dir='ltr'>esse</span> <span class='ocrx_word' id='word_1_39' title='bbox 1829 2520 1833 2547; x_wconf 72' lang='lat'><em>³</em></span> 
     </span>
     <span class='ocr_line' id='line_1_7' title="bbox 124 2629 1739 2727; baseline 0.004 -27"><span class='ocrx_word' id='word_1_40' title='bbox 124 2629 202 2716; x_wconf 83' lang='lat' dir='ltr'>rati,</span> <span class='ocrx_word' id='word_1_41' title='bbox 230 2635 300 2701; x_wconf 86' lang='lat' dir='ltr'>sire</span> <span class='ocrx_word' id='word_1_42' title='bbox 320 2639 407 2724; x_wconf 87' lang='lat' dir='ltr'>quod</span> <span class='ocrx_word' id='word_1_43' title='bbox 428 2649 530 2705; x_wconf 85' lang='lat' dir='ltr'>totum</span> <span class='ocrx_word' id='word_1_44' title='bbox 550 2642 634 2704; x_wconf 82' lang='lat' dir='ltr'>hanc</span> <span class='ocrx_word' id='word_1_45' title='bbox 660 2659 729 2703; x_wconf 89' lang='lat' dir='ltr'>rem</span> <span class='ocrx_word' id='word_1_46' title='bbox 750 2638 785 2702; x_wconf 93' lang='lat' dir='ltr'>in</span> <span class='ocrx_word' id='word_1_47' title='bbox 807 2637 937 2724; x_wconf 81' lang='lat' dir='ltr'>antiqno</span> <span class='ocrx_word' id='word_1_48' title='bbox 967 2635 1120 2727; x_wconf 72' lang='lat' dir='ltr'>scriptore</span> <span class='ocrx_word' id='word_1_49' title='bbox 1149 2632 1349 2718; x_wconf 73' lang='lat' dir='ltr'>dijudicando</span> <span class='ocrx_word' id='word_1_50' title='bbox 1370 2635 1479 2704; x_wconf 91' lang='lat' dir='ltr'>minus</span> <span class='ocrx_word' id='word_1_51' title='bbox 1497 2658 1632 2721; x_wconf 78' lang='lat' dir='ltr'>gravem</span> <span class='ocrx_word' id='word_1_52' title='bbox 1653 2643 1739 2706; x_wconf 85' lang='lat' dir='ltr'>erbi-</span> 
     </span>
     <span class='ocr_line' id='line_1_8' title="bbox 125 2749 1740 2862; baseline 0.006 -50"><span class='ocrx_word' id='word_1_53' title='bbox 125 2751 198 2814; x_wconf 81' lang='lat' dir='ltr'>trsti</span> <span class='ocrx_word' id='word_1_54' title='bbox 219 2763 301 2832; x_wconf 87' lang='lat' dir='ltr'>sunt,</span> <span class='ocrx_word' id='word_1_55' title='bbox 323 2754 381 2816; x_wconf 79' lang='lat' dir='ltr'>rix</span> <span class='ocrx_word' id='word_1_56' title='bbox 401 2751 524 2834; x_wconf 81' lang='lat' dir='ltr'>singola</span> <span class='ocrx_word' id='word_1_57' title='bbox 546 2753 702 2842; x_wconf 77' lang='lat' dir='ltr'><strong>quaedam</strong></span> <span class='ocrx_word' id='word_1_58' title='bbox 724 2752 903 2840; x_wconf 80' lang='lat' dir='ltr'>ettigerunt,</span> <span class='ocrx_word' id='word_1_59' title='bbox 925 2751 998 2816; x_wconf 86' lang='lat' dir='ltr'>licet</span> <span class='ocrx_word' id='word_1_60' title='bbox 1018 2769 1099 2837; x_wconf 78' lang='lat' dir='ltr'>pree</span> <span class='ocrx_word' id='word_1_61' title='bbox 1120 2749 1233 2816; x_wconf 87' lang='lat' dir='ltr'>ceteris</span> <span class='ocrx_word' id='word_1_62' title='bbox 1252 2751 1343 2838; x_wconf 90' lang='lat' dir='ltr'>pium</span> <span class='ocrx_word' id='word_1_63' title='bbox 1364 2753 1523 2862; x_wconf 76' lang='lat' dir='ltr'>appellere</span> <span class='ocrx_word' id='word_1_64' title='bbox 1538 2751 1740 2822; x_wconf 86' lang='lat' dir='ltr'>Herodotum</span> 
     </span>
     <span class='ocr_line' id='line_1_9' title="bbox 125 2863 1739 2953; baseline 0.006 -26"><span class='ocrx_word' id='word_1_65' title='bbox 125 2883 222 2928; x_wconf 88' lang='lat' dir='ltr'>nemo</span> <span class='ocrx_word' id='word_1_66' title='bbox 243 2867 335 2930; x_wconf 81' lang='lat' dir='ltr'>facile</span> <span class='ocrx_word' id='word_1_67' title='bbox 356 2867 397 2930; x_wconf 90' lang='lat' dir='ltr'>sit</span> <span class='ocrx_word' id='word_1_68' title='bbox 419 2867 473 2953; x_wconf 92' lang='lat' dir='ltr'>qui</span> <span class='ocrx_word' id='word_1_69' title='bbox 496 2863 619 2934; x_wconf 80' lang='lat' dir='ltr'>dubitet</span> <span class='ocrx_word' id='word_1_70' title='bbox 639 2871 683 2944; x_wconf 80' lang='lat'>¹).</span> <span class='ocrx_word' id='word_1_71' title='bbox 724 2867 837 2953; x_wconf 80' lang='lat' dir='ltr'>Neque</span> <span class='ocrx_word' id='word_1_72' title='bbox 857 2888 936 2930; x_wconf 77' lang='lat' dir='ltr'>vcro</span> <span class='ocrx_word' id='word_1_73' title='bbox 957 2867 1056 2930; x_wconf 84' lang='lat' dir='ltr'>etiem</span> <span class='ocrx_word' id='word_1_74' title='bbox 1077 2866 1255 2951; x_wconf 84' lang='lat' dir='ltr'>quisquam,</span> <span class='ocrx_word' id='word_1_75' title='bbox 1278 2867 1334 2951; x_wconf 90' lang='lat' dir='ltr'>qui</span> <span class='ocrx_word' id='word_1_76' title='bbox 1356 2868 1453 2932; x_wconf 87' lang='lat' dir='ltr'>libros</span> <span class='ocrx_word' id='word_1_77' title='bbox 1474 2873 1543 2949; x_wconf 82' lang='lat' dir='ltr'>ejus</span> <span class='ocrx_word' id='word_1_78' title='bbox 1565 2875 1739 2938; x_wconf 79' lang='lat' dir='ltr'>accuratius</span> 
     </span>
     <span class='ocr_line' id='line_1_10' title="bbox 125 2975 1785 3066; baseline 0.002 -24"><span class='ocrx_word' id='word_1_79' title='bbox 125 2979 315 3065; x_wconf 74' lang='lat' dir='ltr'>inspexerit,</span> <span class='ocrx_word' id='word_1_80' title='bbox 342 2981 374 3042; x_wconf 90' lang='lat' dir='ltr'>in</span> <span class='ocrx_word' id='word_1_81' title='bbox 396 2983 459 3042; x_wconf 88' lang='lat' dir='ltr'>hoc</span> <span class='ocrx_word' id='word_1_82' title='bbox 480 2982 683 3066; x_wconf 88' lang='lat' dir='ltr'>potissimum</span> <span class='ocrx_word' id='word_1_83' title='bbox 704 3001 801 3041; x_wconf 83' lang='lat' dir='ltr'>senso</span> <span class='ocrx_word' id='word_1_84' title='bbox 830 2975 951 3039; x_wconf 80' lang='lat' dir='ltr'>versari</span> <span class='ocrx_word' id='word_1_85' title='bbox 970 2979 1065 3050; x_wconf 84' lang='lat' dir='ltr'>hujus</span> <span class='ocrx_word' id='word_1_86' title='bbox 1088 2976 1245 3057; x_wconf 85' lang='lat' dir='ltr'>scriptoris</span> <span class='ocrx_word' id='word_1_87' title='bbox 1266 2979 1410 3038; x_wconf 72' lang='lat' dir='ltr'>animum</span> <span class='ocrx_word' id='word_1_88' title='bbox 1431 2982 1568 3059; x_wconf 80' lang='lat' dir='ltr'>negabit.</span> <span class='ocrx_word' id='word_1_89' title='bbox 1614 2983 1741 3064; x_wconf 84' lang='lat' dir='ltr'>Quem·</span> <span class='ocrx_word' id='word_1_90' title='bbox 1780 3014 1785 3022; x_wconf 86' lang='lat'><strong>·</strong></span> 
     </span>
     <span class='ocr_line' id='line_1_11' title="bbox 125 3083 1816 3194; baseline 0.007 -40"><span class='ocrx_word' id='word_1_91' title='bbox 125 3095 176 3156; x_wconf 77' lang='lat' dir='ltr'>ris</span> <span class='ocrx_word' id='word_1_92' title='bbox 213 3092 299 3158; x_wconf 88' lang='lat' dir='ltr'>enim</span> <span class='ocrx_word' id='word_1_93' title='bbox 333 3093 490 3157; x_wconf 79' lang='lat' dir='ltr'>uberrime</span> <span class='ocrx_word' id='word_1_94' title='bbox 525 3111 632 3158; x_wconf 87' lang='lat' dir='ltr'>rerum</span> <span class='ocrx_word' id='word_1_95' title='bbox 667 3090 775 3178; x_wconf 86' lang='lat' dir='ltr'>copie,</span> <span class='ocrx_word' id='word_1_96' title='bbox 818 3083 950 3151; x_wconf 82' lang='lat' dir='ltr'>mirilico</span> <span class='ocrx_word' id='word_1_97' title='bbox 989 3105 1119 3170; x_wconf 88' lang='lat' dir='ltr'>prorsus</span> <span class='ocrx_word' id='word_1_98' title='bbox 1153 3089 1341 3154; x_wconf 86' lang='lat' dir='ltr'>nerrstionis</span> <span class='ocrx_word' id='word_1_99' title='bbox 1376 3091 1573 3185; x_wconf 80' lang='lat' dir='ltr'>jucunditate</span> <span class='ocrx_word' id='word_1_100' title='bbox 1610 3113 1741 3189; x_wconf 81' lang='lat' dir='ltr'>occupet</span> <span class='ocrx_word' id='word_1_101' title='bbox 1799 3171 1816 3194; x_wconf 27' lang='grc' dir='ltr'><strong><em>ἡ</em></strong></span> 
     </span>
     <span class='ocr_line' id='line_1_12' title="bbox 128 3198 1741 3298; baseline 0.007 -28"><span class='ocrx_word' id='word_1_102' title='bbox 128 3207 220 3289; x_wconf 78' lang='lat' dir='ltr'>qussi</span> <span class='ocrx_word' id='word_1_103' title='bbox 241 3227 277 3270; x_wconf 85' lang='lat' dir='ltr'>ec</span> <span class='ocrx_word' id='word_1_104' title='bbox 298 3205 427 3270; x_wconf 86' lang='lat' dir='ltr'>deliniet</span> <span class='ocrx_word' id='word_1_105' title='bbox 447 3207 620 3290; x_wconf 85' lang='lat' dir='ltr'>tegentium</span> <span class='ocrx_word' id='word_1_106' title='bbox 643 3205 777 3282; x_wconf 83' lang='lat' dir='ltr'>animos,</span> <span class='ocrx_word' id='word_1_107' title='bbox 799 3201 918 3286; x_wconf 90' lang='lat' dir='ltr'>ubique</span> <span class='ocrx_word' id='word_1_108' title='bbox 941 3209 1049 3262; x_wconf 83' lang='lat' dir='ltr'>temen</span> <span class='ocrx_word' id='word_1_109' title='bbox 1063 3198 1210 3264; x_wconf 84' lang='lat' dir='ltr'>divinum</span> <span class='ocrx_word' id='word_1_110' title='bbox 1226 3201 1306 3269; x_wconf 89' lang='lat' dir='ltr'>illud</span> <span class='ocrx_word' id='word_1_111' title='bbox 1317 3227 1449 3288; x_wconf 88' lang='lat' dir='ltr'>numen,</span> <span class='ocrx_word' id='word_1_112' title='bbox 1472 3205 1511 3274; x_wconf 88' lang='lat' dir='ltr'>ed</span> <span class='ocrx_word' id='word_1_113' title='bbox 1527 3209 1612 3298; x_wconf 84' lang='lat' dir='ltr'>qnod</span> <span class='ocrx_word' id='word_1_114' title='bbox 1628 3234 1741 3282; x_wconf 85' lang='lat' dir='ltr'>omnes</span> 
     </span>
    </p>

    <p class='ocr_par' dir='ltr' id='par_1_6' title="bbox 36 3311 1901 4071">
     <span class='ocr_line' id='line_1_13' title="bbox 36 3311 1741 3416; baseline 0.006 -30"><span class='ocrx_word' id='word_1_115' title='bbox 36 3337 42 3356; x_wconf 80' lang='lat'><strong><em>‘</em></strong></span> <span class='ocrx_word' id='word_1_116' title='bbox 125 3343 232 3387; x_wconf 86' lang='lat' dir='ltr'>rernm</span> <span class='ocrx_word' id='word_1_117' title='bbox 254 3323 466 3386; x_wconf 74' lang='lat' dir='ltr'>humansrum</span> <span class='ocrx_word' id='word_1_118' title='bbox 487 3321 681 3386; x_wconf 76' lang='lat' dir='ltr'>mutationes</span> <span class='ocrx_word' id='word_1_119' title='bbox 703 3339 738 3382; x_wconf 90' lang='lat' dir='ltr'>ec</span> <span class='ocrx_word' id='word_1_120' title='bbox 758 3311 995 3382; x_wconf 79' lang='lat' dir='ltr'>vicissitudines</span> <span class='ocrx_word' id='word_1_121' title='bbox 1016 3315 1121 3391; x_wconf 71' lang='lat' dir='ltr'>refers,</span> <span class='ocrx_word' id='word_1_122' title='bbox 1140 3327 1227 3379; x_wconf 79' lang='lat' dir='ltr'>tenta</span> <span class='ocrx_word' id='word_1_123' title='bbox 1248 3317 1283 3382; x_wconf 78' lang='lat' dir='ltr'>vi</span> <span class='ocrx_word' id='word_1_124' title='bbox 1303 3328 1452 3408; x_wconf 80' lang='lat' dir='ltr'>tantaque</span> <span class='ocrx_word' id='word_1_125' title='bbox 1471 3327 1741 3416; x_wconf 81' lang='lat' dir='ltr'>msjeeteteproe-</span> 
     </span>
     <span class='ocr_line' id='line_1_14' title="bbox 125 3427 1742 3524; baseline 0.008 -25"><span class='ocrx_word' id='word_1_126' title='bbox 125 3435 230 3500; x_wconf 87' lang='lat' dir='ltr'>ditum</span> <span class='ocrx_word' id='word_1_127' title='bbox 252 3446 326 3499; x_wconf 83' lang='lat' dir='ltr'>ante</span> <span class='ocrx_word' id='word_1_128' title='bbox 347 3437 456 3502; x_wconf 92' lang='lat' dir='ltr'>oculos</span> <span class='ocrx_word' id='word_1_129' title='bbox 478 3436 571 3502; x_wconf 84' lang='lat' dir='ltr'>nobis</span> <span class='ocrx_word' id='word_1_130' title='bbox 590 3429 753 3522; x_wconf 86' lang='lat' dir='ltr'>proponit,</span> <span class='ocrx_word' id='word_1_131' title='bbox 777 3441 812 3494; x_wconf 90' lang='lat' dir='ltr'>ut</span> <span class='ocrx_word' id='word_1_132' title='bbox 833 3449 898 3494; x_wconf 93' lang='lat' dir='ltr'>non</span> <span class='ocrx_word' id='word_1_133' title='bbox 920 3427 1030 3494; x_wconf 83' lang='lat' dir='ltr'>ridere</span> <span class='ocrx_word' id='word_1_134' title='bbox 1050 3430 1167 3509; x_wconf 87' lang='lat' dir='ltr'>solum,</span> <span class='ocrx_word' id='word_1_135' title='bbox 1189 3428 1247 3497; x_wconf 88' lang='lat' dir='ltr'>sed</span> <span class='ocrx_word' id='word_1_136' title='bbox 1268 3451 1375 3499; x_wconf 85' lang='lat' dir='ltr'>corem</span> <span class='ocrx_word' id='word_1_137' title='bbox 1396 3433 1558 3524; x_wconf 77' lang='lat' dir='ltr'>adspicere</span> <span class='ocrx_word' id='word_1_138' title='bbox 1577 3445 1671 3510; x_wconf 88' lang='lat' dir='ltr'>nobis</span> <span class='ocrx_word' id='word_1_139' title='bbox 1691 3449 1742 3512; x_wconf 82' lang='lat' dir='ltr'>ri-</span> 
     </span>
     <span class='ocr_line' id='line_1_15' title="bbox 127 3539 1742 3640; baseline 0.005 -24"><span class='ocrx_word' id='word_1_140' title='bbox 127 3551 262 3616; x_wconf 77' lang='lat' dir='ltr'>deamus</span> <span class='ocrx_word' id='word_1_141' title='bbox 289 3551 368 3616; x_wconf 89' lang='lat' dir='ltr'>deos</span> <span class='ocrx_word' id='word_1_142' title='bbox 399 3551 545 3616; x_wconf 89' lang='lat' dir='ltr'>omnium</span> <span class='ocrx_word' id='word_1_143' title='bbox 572 3550 628 3613; x_wconf 79' lang='lat' dir='ltr'>vel</span> <span class='ocrx_word' id='word_1_144' title='bbox 654 3546 860 3612; x_wconf 79' lang='lat' dir='ltr'>minimarum</span> <span class='ocrx_word' id='word_1_145' title='bbox 879 3563 987 3608; x_wconf 82' lang='lat' dir='ltr'>remos</span> <span class='ocrx_word' id='word_1_146' title='bbox 1009 3543 1256 3610; x_wconf 83' lang='lat' dir='ltr'>intentissimam</span> <span class='ocrx_word' id='word_1_147' title='bbox 1285 3539 1394 3612; x_wconf 81' lang='lat' dir='ltr'>curem</span> <span class='ocrx_word' id='word_1_148' title='bbox 1415 3566 1570 3633; x_wconf 81' lang='lat' dir='ltr'>gerentes.</span> <span class='ocrx_word' id='word_1_149' title='bbox 1614 3556 1742 3640; x_wconf 83' lang='lat' dir='ltr'>Quodsi</span> 
     </span>
     <span class='ocr_line' id='line_1_16' title="bbox 129 3657 1901 3760; baseline 0.007 -32"><span class='ocrx_word' id='word_1_150' title='bbox 129 3667 225 3744; x_wconf 81' lang='lat' dir='ltr'>igitur</span> <span class='ocrx_word' id='word_1_151' title='bbox 240 3665 366 3751; x_wconf 88' lang='lat' dir='ltr'>penitus</span> <span class='ocrx_word' id='word_1_152' title='bbox 388 3685 462 3730; x_wconf 90' lang='lat' dir='ltr'>eum</span> <span class='ocrx_word' id='word_1_153' title='bbox 485 3684 673 3748; x_wconf 83' lang='lat' dir='ltr'>cognoscere</span> <span class='ocrx_word' id='word_1_154' title='bbox 694 3661 852 3747; x_wconf 78' lang='lat' dir='ltr'>altiusque</span> <span class='ocrx_word' id='word_1_155' title='bbox 871 3659 1035 3740; x_wconf 84' lang='lat' dir='ltr'>ingenium</span> <span class='ocrx_word' id='word_1_156' title='bbox 1055 3663 1125 3740; x_wconf 86' lang='lat' dir='ltr'>ejus</span> <span class='ocrx_word' id='word_1_157' title='bbox 1145 3659 1363 3758; x_wconf 74' lang='lat' dir='ltr'>introspicere</span> <span class='ocrx_word' id='word_1_158' title='bbox 1374 3667 1532 3750; x_wconf 75' lang='lat' dir='ltr'>vetemus,</span> <span class='ocrx_word' id='word_1_159' title='bbox 1555 3671 1651 3737; x_wconf 89' lang='lat' dir='ltr'>simul</span> <span class='ocrx_word' id='word_1_160' title='bbox 1664 3675 1741 3760; x_wconf 89' lang='lat' dir='ltr'>quid</span> <span class='ocrx_word' id='word_1_161' title='bbox 1773 3753 1776 3756; x_wconf 13' lang='lat'><strong>⁴</strong></span> <span class='ocrx_word' id='word_1_162' title='bbox 1894 3657 1901 3664; x_wconf 42' lang='lat'><strong>⁴</strong></span> 
     </span>
     <span class='ocr_line' id='line_1_17' title="bbox 130 3775 1741 3868; baseline 0.006 -28"><span class='ocrx_word' id='word_1_163' title='bbox 130 3779 273 3842; x_wconf 80' lang='lat' dir='ltr'>maxime</span> <span class='ocrx_word' id='word_1_164' title='bbox 294 3779 328 3843; x_wconf 93' lang='lat' dir='ltr'>in</span> <span class='ocrx_word' id='word_1_165' title='bbox 350 3780 575 3868; x_wconf 86' lang='lat' dir='ltr'>componendis</span> <span class='ocrx_word' id='word_1_166' title='bbox 597 3799 704 3844; x_wconf 88' lang='lat' dir='ltr'>rerum</span> <span class='ocrx_word' id='word_1_167' title='bbox 724 3777 942 3842; x_wconf 87' lang='lat' dir='ltr'>monumentis</span> <span class='ocrx_word' id='word_1_168' title='bbox 968 3785 1093 3840; x_wconf 85' lang='lat' dir='ltr'>secutus</span> <span class='ocrx_word' id='word_1_169' title='bbox 1122 3775 1163 3841; x_wconf 86' lang='lat' dir='ltr'>sit</span> <span class='ocrx_word' id='word_1_170' title='bbox 1183 3777 1419 3861; x_wconf 76' lang='lat' dir='ltr'>investigeturi,</span> <span class='ocrx_word' id='word_1_171' title='bbox 1450 3781 1627 3851; x_wconf 79' lang='lat' dir='ltr'>ridendum</span> <span class='ocrx_word' id='word_1_172' title='bbox 1647 3789 1741 3854; x_wconf 79' lang='lat' dir='ltr'>noble</span> 
     </span>
     <span class='ocr_line' id='line_1_18' title="bbox 133 3873 1742 3991; baseline 0.012 -40"><span class='ocrx_word' id='word_1_173' title='bbox 133 3890 209 3969; x_wconf 85' lang='lat' dir='ltr'>erit,</span> <span class='ocrx_word' id='word_1_174' title='bbox 246 3873 339 3974; x_wconf 82' lang='lat' dir='ltr'>qusle¹</span> <span class='ocrx_word' id='word_1_175' title='bbox 369 3891 448 3956; x_wconf 87' lang='lat' dir='ltr'>illud</span> <span class='ocrx_word' id='word_1_176' title='bbox 478 3895 520 3962; x_wconf 87' lang='lat' dir='ltr'>sit</span> <span class='ocrx_word' id='word_1_177' title='bbox 548 3901 667 3975; x_wconf 72' lang='grc' dir='ltr'><strong><em>θετον,</em></strong></span> <span class='ocrx_word' id='word_1_178' title='bbox 708 3895 898 3978; x_wconf 79' lang='lat' dir='ltr'>qualemque</span> <span class='ocrx_word' id='word_1_179' title='bbox 928 3888 968 3955; x_wconf 87' lang='lat' dir='ltr'>de</span> <span class='ocrx_word' id='word_1_180' title='bbox 997 3891 1032 3957; x_wconf 80' lang='lat' dir='ltr'>ri</span> <span class='ocrx_word' id='word_1_181' title='bbox 1062 3911 1098 3954; x_wconf 83' lang='lat' dir='ltr'>ec</span> <span class='ocrx_word' id='word_1_182' title='bbox 1125 3901 1238 3956; x_wconf 83' lang='lat' dir='ltr'>natura</span> <span class='ocrx_word' id='word_1_183' title='bbox 1272 3898 1343 3974; x_wconf 86' lang='lat' dir='ltr'>ejus</span> <span class='ocrx_word' id='word_1_184' title='bbox 1372 3892 1536 3962; x_wconf 84' lang='lat' dir='ltr'>notionem</span> <span class='ocrx_word' id='word_1_185' title='bbox 1565 3905 1742 3991; x_wconf 86' lang='lat' dir='ltr'>conceperit</span> 
     </span>
     <span class='ocr_line' id='line_1_19' title="bbox 134 4001 1409 4071; baseline 0.004 -5"><span class='ocrx_word' id='word_1_186' title='bbox 134 4001 327 4071; x_wconf 83' lang='lat' dir='ltr'>Herodotus.</span> <span class='ocrx_word' id='word_1_187' title='bbox 359 4017 362 4025; x_wconf 87' lang='grc'><strong><em>·</em></strong></span> <span class='ocrx_word' id='word_1_188' title='bbox 1064 4017 1067 4021; x_wconf 82' lang='grc'><em>“</em></span> <span class='ocrx_word' id='word_1_189' title='bbox 1403 4013 1409 4021; x_wconf 87' lang='grc'><strong><em>’</em></strong></span> 
     </span>
    </p>

    <p class='ocr_par' dir='ltr' id='par_1_7' title="bbox 259 4101 1742 4214">
     <span class='ocr_line' id='line_1_20' title="bbox 259 4101 1742 4214; baseline 0.01 -32"><span class='ocrx_word' id='word_1_190' title='bbox 259 4116 324 4183; x_wconf 90' lang='lat' dir='ltr'>Sed</span> <span class='ocrx_word' id='word_1_191' title='bbox 344 4118 441 4185; x_wconf 75' lang='lat' dir='ltr'>latius</span> <span class='ocrx_word' id='word_1_192' title='bbox 462 4121 564 4186; x_wconf 86' lang='lat' dir='ltr'>multo</span> <span class='ocrx_word' id='word_1_193' title='bbox 585 4127 671 4209; x_wconf 85' lang='lat' dir='ltr'>petet</span> <span class='ocrx_word' id='word_1_194' title='bbox 692 4121 770 4184; x_wconf 86' lang='lat' dir='ltr'>hssc</span> <span class='ocrx_word' id='word_1_195' title='bbox 790 4141 852 4201; x_wconf 85' lang='lat' dir='ltr'>roe,</span> <span class='ocrx_word' id='word_1_196' title='bbox 882 4101 980 4207; x_wconf 36' lang='lat' dir='ltr'>&#39;quem</span> <span class='ocrx_word' id='word_1_197' title='bbox 1002 4139 1084 4206; x_wconf 85' lang='lat' dir='ltr'>qnae</span> <span class='ocrx_word' id='word_1_198' title='bbox 1104 4117 1145 4184; x_wconf 88' lang='lat' dir='ltr'>ed</span> <span class='ocrx_word' id='word_1_199' title='bbox 1166 4122 1272 4186; x_wconf 87' lang='lat' dir='ltr'>solum</span> <span class='ocrx_word' id='word_1_200' title='bbox 1292 4132 1437 4189; x_wconf 89' lang='lat' dir='ltr'>nostrum</span> <span class='ocrx_word' id='word_1_201' title='bbox 1465 4130 1597 4214; x_wconf 84' lang='lat' dir='ltr'>ejusque</span> <span class='ocrx_word' id='word_1_202' title='bbox 1618 4127 1659 4194; x_wconf 90' lang='lat' dir='ltr'>de</span> <span class='ocrx_word' id='word_1_203' title='bbox 1679 4155 1742 4198; x_wconf 89' lang='lat' dir='ltr'>nu-</span> 
     </span>
    </p>

    <p class='ocr_par' dir='ltr' id='par_1_8' title="bbox 134 4221 1742 4315">
     <span class='ocr_line' id='line_1_21' title="bbox 134 4221 1742 4315; baseline 0.01 -17"><span class='ocrx_word' id='word_1_204' title='bbox 134 4235 222 4298; x_wconf 82' lang='lat' dir='ltr'>mine</span> <span class='ocrx_word' id='word_1_205' title='bbox 242 4221 353 4299; x_wconf 81' lang='lat' dir='ltr'>divino</span> <span class='ocrx_word' id='word_1_206' title='bbox 379 4253 415 4296; x_wconf 82' lang='lat' dir='ltr'>sc</span> <span class='ocrx_word' id='word_1_207' title='bbox 436 4253 541 4298; x_wconf 87' lang='lat' dir='ltr'>rerum</span> <span class='ocrx_word' id='word_1_208' title='bbox 563 4246 674 4299; x_wconf 81' lang='lat' dir='ltr'>nature</span> <span class='ocrx_word' id='word_1_209' title='bbox 694 4233 846 4315; x_wconf 81' lang='lat' dir='ltr'>judicium</span> <span class='ocrx_word' id='word_1_210' title='bbox 866 4233 909 4301; x_wconf 85' lang='lat' dir='ltr'>sit</span> <span class='ocrx_word' id='word_1_211' title='bbox 928 4234 1105 4302; x_wconf 81' lang='lat' dir='ltr'>referende.</span> <span class='ocrx_word' id='word_1_212' title='bbox 1149 4234 1289 4304; x_wconf 82' lang='lat' dir='ltr'>Pertinet</span> <span class='ocrx_word' id='word_1_213' title='bbox 1308 4237 1395 4304; x_wconf 87' lang='lat' dir='ltr'>enirn</span> <span class='ocrx_word' id='word_1_214' title='bbox 1417 4243 1550 4308; x_wconf 91' lang='lat' dir='ltr'>omnino</span> <span class='ocrx_word' id='word_1_215' title='bbox 1570 4243 1742 4314; x_wconf 77' lang='lat' dir='ltr'>adrerum</span> 
     </span>
    </p>
   </div>
   <div class='ocr_carea' id='block_1_6' title="bbox 169 4401 1773 4747">
    <p class='ocr_par' dir='ltr' id='par_1_9' title="bbox 169 4401 1773 4747">
     <span class='ocr_line' id='line_1_22' title="bbox 169 4401 1742 4484; baseline 0.01 -27"><span class='ocrx_word' id='word_1_216' title='bbox 169 4405 196 4472; x_wconf 83' lang='lat'>¹)</span> <span class='ocrx_word' id='word_1_217' title='bbox 219 4403 242 4458; x_wconf 82' lang='lat' dir='ltr'><strong>E</strong></span> <span class='ocrx_word' id='word_1_218' title='bbox 261 4402 374 4476; x_wconf 84' lang='lat' dir='ltr'>poetico</span> <span class='ocrx_word' id='word_1_219' title='bbox 392 4409 502 4458; x_wconf 81' lang='lat' dir='ltr'>tentum</span> <span class='ocrx_word' id='word_1_220' title='bbox 519 4402 668 4475; x_wconf 82' lang='lat' dir='ltr'>scriptoris</span> <span class='ocrx_word' id='word_1_221' title='bbox 684 4403 803 4458; x_wconf 87' lang='lat' dir='ltr'>censtlr&#39;o</span> <span class='ocrx_word' id='word_1_222' title='bbox 821 4401 895 4484; x_wconf 69' lang='lat' dir='ltr'>nene</span> <span class='ocrx_word' id='word_1_223' title='bbox 910 4403 1042 4476; x_wconf 70' lang='lat' dir='ltr'>pietatem</span> <span class='ocrx_word' id='word_1_224' title='bbox 1058 4403 1218 4477; x_wconf 75' lang='lat' dir='ltr'>proiectum</span> <span class='ocrx_word' id='word_1_225' title='bbox 1233 4420 1294 4460; x_wconf 76' lang='lat' dir='ltr'>esse</span> <span class='ocrx_word' id='word_1_226' title='bbox 1312 4407 1342 4460; x_wconf 83' lang='lat' dir='ltr'>in</span> <span class='ocrx_word' id='word_1_227' title='bbox 1365 4425 1456 4483; x_wconf 80' lang='lat' dir='ltr'>eoque</span> <span class='ocrx_word' id='word_1_228' title='bbox 1470 4425 1531 4465; x_wconf 89' lang='lat' dir='ltr'>nno</span> <span class='ocrx_word' id='word_1_229' title='bbox 1547 4415 1653 4470; x_wconf 71' lang='lat' dir='ltr'>versari</span> <span class='ocrx_word' id='word_1_230' title='bbox 1669 4413 1742 4472; x_wconf 72' lang='lat' dir='ltr'>salso</span> 
     </span>
     <span class='ocr_line' id='line_1_23' title="bbox 203 4491 1742 4574; baseline 0.012 -30"><span class='ocrx_word' id='word_1_231' title='bbox 203 4493 317 4561; x_wconf 78' lang='lat' dir='ltr'>quidam</span> <span class='ocrx_word' id='word_1_232' title='bbox 334 4503 462 4549; x_wconf 78' lang='lat' dir='ltr'>unctores</span> <span class='ocrx_word' id='word_1_233' title='bbox 479 4503 558 4551; x_wconf 80' lang='lat' dir='ltr'>runt.</span> <span class='ocrx_word' id='word_1_234' title='bbox 593 4491 663 4547; x_wconf 78' lang='lat' dir='ltr'>vite</span> <span class='ocrx_word' id='word_1_235' title='bbox 680 4493 901 4549; x_wconf 82' lang='lat' dir='ltr'>Kreurerurn</span> <span class='ocrx_word' id='word_1_236' title='bbox 918 4495 948 4548; x_wconf 90' lang='lat' dir='ltr'>in</span> <span class='ocrx_word' id='word_1_237' title='bbox 965 4491 1042 4551; x_wconf 81' lang='lat' dir='ltr'>lilsro</span> <span class='ocrx_word' id='word_1_238' title='bbox 1068 4497 1119 4568; x_wconf 89' lang='lat' dir='ltr'>qni</span> <span class='ocrx_word' id='word_1_239' title='bbox 1136 4497 1221 4551; x_wconf 82' lang='lat' dir='ltr'>inser.</span> <span class='ocrx_word' id='word_1_240' title='bbox 1255 4497 1322 4555; x_wconf 57' lang='lat' dir='ltr'>&amp;ic</span> <span class='ocrx_word' id='word_1_241' title='bbox 1345 4498 1544 4571; x_wconf 60' lang='lat' dir='ltr'>lissotttdc.</span> <span class='ocrx_word' id='word_1_242' title='bbox 1557 4503 1661 4574; x_wconf 53' lang='lat' dir='ltr'>&amp;onst</span> <span class='ocrx_word' id='word_1_243' title='bbox 1683 4507 1742 4566; x_wconf 68' lang='lat' dir='ltr'>bct</span> 
     </span>
     <span class='ocr_line' id='line_1_24' title="bbox 203 4581 1773 4665; baseline 0.012 -30"><span class='ocrx_word' id='word_1_244' title='bbox 203 4581 378 4654; x_wconf 52' lang='lat' dir='ltr'>ottones,</span> <span class='ocrx_word' id='word_1_245' title='bbox 397 4601 426 4655; x_wconf 94' lang='lat' dir='ltr'>p.</span> <span class='ocrx_word' id='word_1_246' title='bbox 445 4581 497 4640; x_wconf 75' lang='lat'>14⁹</span> <span class='ocrx_word' id='word_1_247' title='bbox 514 4601 576 4656; x_wconf 86' lang='lat' dir='ltr'>sqq.</span> <span class='ocrx_word' id='word_1_248' title='bbox 594 4591 623 4640; x_wconf 87' lang='lat' dir='ltr'>et</span> <span class='ocrx_word' id='word_1_249' title='bbox 640 4594 739 4640; x_wconf 77' lang='lat' dir='ltr'>contre</span> <span class='ocrx_word' id='word_1_250' title='bbox 756 4598 820 4640; x_wconf 82' lang='lat' dir='ltr'>curn</span> <span class='ocrx_word' id='word_1_251' title='bbox 837 4585 1027 4660; x_wconf 71' lang='lat' dir='ltr'>disputantem</span> <span class='ocrx_word' id='word_1_252' title='bbox 1052 4585 1322 4645; x_wconf 78' lang='lat' dir='ltr'>Dshlrnennutn</span> <span class='ocrx_word' id='word_1_253' title='bbox 1344 4590 1375 4650; x_wconf 90' lang='lat' dir='ltr'>in</span> <span class='ocrx_word' id='word_1_254' title='bbox 1389 4591 1567 4664; x_wconf 56' lang='lat' dir='ltr'>,docetote</span> <span class='ocrx_word' id='word_1_255' title='bbox 1594 4601 1657 4654; x_wconf 81' lang='lat' dir='ltr'>ottt</span> <span class='ocrx_word' id='word_1_256' title='bbox 1682 4597 1739 4665; x_wconf 72' lang='lat' dir='ltr'>tet·</span> <span class='ocrx_word' id='word_1_257' title='bbox 1768 4618 1773 4631; x_wconf 78' lang='lat'><strong><em>¹</em></strong></span> 
     </span>
     <span class='ocr_line' id='line_1_25' title="bbox 203 4662 1520 4747; baseline 0.013 -20"><span class='ocrx_word' id='word_1_258' title='bbox 203 4683 276 4728; x_wconf 81' lang='lat' dir='ltr'>scor</span> <span class='ocrx_word' id='word_1_259' title='bbox 294 4662 630 4743; x_wconf 61' lang='lat' dir='ltr'>Diocletctsten,</span> <span class='ocrx_word' id='word_1_260' title='bbox 648 4691 677 4747; x_wconf 89' lang='lat' dir='ltr'>p.</span> <span class='ocrx_word' id='word_1_261' title='bbox 695 4673 758 4734; x_wconf 76' lang='lat'><strong>213.</strong></span> <span class='ocrx_word' id='word_1_262' title='bbox 1280 4675 1283 4682; x_wconf 83' lang='grc'><em>’</em></span> <span class='ocrx_word' id='word_1_263' title='bbox 1516 4710 1520 4719; x_wconf 55' lang='grc'><strong>’</strong></span> 
     </span>
    </p>
   </div>
   <div class='ocr_carea' id='block_1_7' title="bbox 1141 4719 1157 4756">
    <p class='ocr_par' dir='ltr' id='par_1_10' title="bbox 1141 4719 1157 4756">
     <span class='ocr_line' id='line_1_26' title="bbox 1141 4719 1157 4756; baseline 0 0"><span class='ocrx_word' id='word_1_264' title='bbox 1141 4719 1157 4756; x_wconf 72' lang='lat'><em>0</em></span> 
     </span>
    </p>
   </div>
   <div class='ocr_carea' id='block_1_8' title="bbox 1227 4775 1261 4844">
    <p class='ocr_par' dir='ltr' id='par_1_11' title="bbox 1227 4775 1261 4844">
     <span class='ocr_line' id='line_1_27' title="bbox 1227 4775 1261 4844; baseline 0 -4"><span class='ocrx_word' id='word_1_265' title='bbox 1227 4775 1261 4844; x_wconf 81' lang='grc' dir='ltr'>Α</span> 
     </span>
    </p>
   </div>
   <div class='ocr_carea' id='block_1_9' title="bbox 835 5035 1209 5134">
    <p class='ocr_par' dir='ltr' id='par_1_12' title="bbox 835 5035 1209 5134">
     <span class='ocr_line' id='line_1_28' title="bbox 835 5035 1209 5134; baseline 0.013 -4"><span class='ocrx_word' id='word_1_266' title='bbox 835 5035 1072 5134; x_wconf 69' lang='grc'>5697179</span> <span class='ocrx_word' id='word_1_267' title='bbox 1198 5063 1209 5078; x_wconf 82' lang='lat'>‘</span> 
     </span>
    </p>
   </div>
   <div class='ocr_carea' id='block_1_10' title="bbox 0 0 2065 5292">
    <p class='ocr_par' dir='ltr' id='par_1_13' title="bbox 0 0 2065 5292">
     <span class='ocr_line' id='line_1_29' title="bbox 0 0 2065 5292; baseline 0 0"><span class='ocrx_word' id='word_1_268' title='bbox 0 0 2065 5292; x_wconf 95' lang='lat' dir='ltr'> </span> 
     </span>
    </p>
   </div>
  </div>
 </body>
</html>
